@article{Betts1989,
    title = {Climatic equilibrium of the atmospheric convective boundary layer over a tropical ocean},
    year = {1989},
    journal = {Journal of the Atmospheric Sciences},
    author = {Betts, AK and Ridgway, W},
    url = {http://journals.ametsoc.org/doi/abs/10.1175/1520-0469(1989)046{\%}3C2621{\%}3ACEOTAC{\%}3E2.0.CO{\%}3B2}
}

@article{Betts1996,
    title = {The land surface–atmosphere interaction: A review based on observational and global modeling perspectives},
    year = {1996},
    journal = {J. Geophys. Res},
    author = {Betts, AK and Ball, JH and Beljaars, ACM and Miller, MJ and Viterbo, PA},
    pages = {7209--7225},
    volume = {101},
    url = {http://alanbetts.com/workspace/uploads/bettsetal-landatm-95jd02135-1276805410.pdf}
}

@article{Lau1997,
    title = {Interactions between Global SST Anomalies and the Midlatitude Atmospheric Circulation},
    year = {1997},
    journal = {Bulletin of the American Meteorological Society},
    author = {Lau, Ngar-Cheung},
    doi = {10.1175/1520-0477(1997)078<0021:IBGSAA>2.0.CO;2},
    number = {1},
    month = {1},
    pages = {21--33},
    volume = {78},
    url = {http://journals.ametsoc.org/doi/abs/10.1175/1520-0477{\%}281997{\%}29078{\%}3C0021{\%}3AIBGSAA{\%}3E2.0.CO{\%}3B2}
}

@article{Sellers1997,
    title = {Modeling the Exchanges of Energy, Water, and Carbon Between Continents and the Atmosphere},
    year = {1997},
    journal = {Science},
    author = {Sellers, P. J.},
    doi = {10.1126/science.275.5299.502},
    number = {5299},
    month = {1},
    pages = {502--509},
    volume = {275},
    url = {http://www.sciencemag.org/cgi/doi/10.1126/science.275.5299.502}
}

@article{Jain1999,
    title = {Seasonality and interannual variations of Northern Hemisphere temperature: Equator-to-pole gradient and ocean-land contrast},
    year = {1999},
    journal = {Journal of climate},
    author = {Jain, S and Lall, U and Mann, ME},
    number = {1994},
    pages = {1086--1100},
    volume = {12},
    url = {http://journals.ametsoc.org/doi/pdf/10.1175/1520-0442(1999)012{\%}3C1086{\%}3ASAIVON{\%}3E2.0.CO{\%}3B2}
}

@article{Betts2000,
    title = {Idealized Model for Equilibrium Boundary Layer over Land},
    year = {2000},
    journal = {Journal of Hydrometeorology},
    author = {Betts, Alan K.},
    doi = {10.1175/1525-7541(2000)001<0507:IMFEBL>2.0.CO;2},
    number = {6},
    month = {12},
    pages = {507--523},
    volume = {1},
    url = {http://journals.ametsoc.org/doi/abs/10.1175/1525-7541{\%}282000{\%}29001{\%}3C0507{\%}3AIMFEBL{\%}3E2.0.CO{\%}3B2}
}

@article{Barsugli2002,
    title = {Global Atmospheric Sensitivity to Tropical SST Anomalies throughout the Indo-Pacific Basin},
    year = {2002},
    journal = {Journal of Climate},
    author = {Barsugli, Joseph J. and Sardeshmukh, Prashant D.},
    doi = {10.1175/1520-0442(2002)015<3427:GASTTS>2.0.CO;2},
    number = {23},
    month = {12},
    pages = {3427--3442},
    volume = {15},
    url = {http://journals.ametsoc.org/doi/abs/10.1175/1520-0442{\%}282002{\%}29015{\%}3C3427{\%}3AGASTTS{\%}3E2.0.CO{\%}3B2}
}

@article{Sobel2002,
    title = {The ENSO signal in tropical tropospheric temperature},
    year = {2002},
    journal = {Journal of climate},
    author = {Sobel, Adam H. and Held, IM and Bretherton, CS},
    pages = {2702--2706},
    url = {http://journals.ametsoc.org/doi/abs/10.1175/1520-0442(2002)015{\%}3C2702{\%}3ATESITT{\%}3E2.0.CO{\%}3B2}
}

@article{Neelin2003,
    title = {Tropical drought regions in global warming and El Ni{\~{n}}o teleconnections},
    year = {2003},
    journal = {Geophysical Research Letters},
    author = {Neelin, J. David},
    doi = {10.1029/2003GL018625},
    number = {24},
    pages = {1--4},
    volume = {30},
    url = {http://www.agu.org/pubs/crossref/2003/2003GL018625.shtml}
}

@article{Shine2003,
    title = {An alternative to radiative forcing for estimating the relative importance of climate change mechanisms},
    year = {2003},
    journal = {Geophys. Res. Lett},
    author = {Shine, KP and Cook, Jolene and Highwood, EJ and Joshi, Manoj M.},
    number = {September},
    pages = {1--10},
    url = {http://www.met.rdg.ac.uk/{$\sim$}radiation/papers/grl{\_}shine.pdf}
}

@article{Bosilovich2005,
    title = {Global Changes of the Water Cycle Intensity},
    year = {2005},
    journal = {Journal of Climate},
    author = {Bosilovich, Michael G. and Schubert, Siegfried D. and Walker, Gregory K.},
    doi = {10.1175/JCLI3357.1},
    number = {10},
    month = {5},
    pages = {1591--1608},
    volume = {18},
    url = {http://journals.ametsoc.org/doi/abs/10.1175/JCLI3357.1}
}

@article{Santer2005,
    title = {Amplification of surface temperature trends and variability in the tropical atmosphere.},
    year = {2005},
    journal = {Science (New York, N.Y.)},
    author = {Santer, B D and Wigley, T M L and Mears, C and Wentz, F J and Klein, S a and Seidel, D J and Taylor, K E and Thorne, P W and Wehner, M F and Gleckler, P J and Boyle, J S and Collins, W D and Dixon, K W and Doutriaux, C and Free, M and Fu, Qiang and Hansen, J E and Jones, G S and Ruedy, R and Karl, T R and Lanzante, J R and Meehl, Gerald A. and Ramaswamy, V and Russell, G and Schmidt, G a},
    doi = {10.1126/science.1114867},
    number = {5740},
    month = {9},
    pages = {1551--6},
    volume = {309},
    url = {http://www.ncbi.nlm.nih.gov/pubmed/16099951}
}

@article{Barsugli2006,
    title = {Sensitivity of global warming to the pattern of tropical ocean warming},
    year = {2006},
    journal = {Climate Dynamics},
    author = {Barsugli, Joseph J. and Shin, Sang-Ik and Sardeshmukh, Prashant D.},
    doi = {10.1007/s00382-006-0143-7},
    number = {5},
    month = {4},
    pages = {483--492},
    volume = {27},
    url = {http://www.springerlink.com/index/10.1007/s00382-006-0143-7}
}

@article{Shin2006,
    title = {Global energy cycle between land and ocean in the simulated 20th century climate systems},
    year = {2006},
    journal = {Geophysical Research Letters},
    author = {Shin, Ho-Jeong and Chung, Il-Ung and Kim, Hyung-Jin and Kim, Jeong-Woo},
    doi = {10.1029/2006GL025977},
    number = {14},
    pages = {2--5},
    volume = {33},
    url = {http://www.agu.org/pubs/crossref/2006/2006GL025977.shtml}
}

@article{Sutton2007,
    title = {Land/sea warming ratio in response to climate change: IPCC AR4 model results and comparison with observations},
    year = {2007},
    journal = {Geophysical Research Letters},
    author = {Sutton, Rowan T. and Dong, Buwen and Gregory, Jonathan M.},
    doi = {10.1029/2006GL028164},
    number = {2},
    month = {1},
    pages = {2--6},
    volume = {34},
    url = {http://www.agu.org/pubs/crossref/2007/2006GL028164.shtml}
}

@article{Lambert2007,
    title = {Control of land-ocean temperature contrast by ocean heat uptake},
    year = {2007},
    journal = {Geophysical Research Letters},
    author = {Lambert, F. Hugo and Chiang, John C. H.},
    doi = {10.1029/2007GL029755},
    number = {13},
    month = {7},
    pages = {1--5},
    volume = {34},
    url = {http://www.agu.org/pubs/crossref/2007/2007GL029755.shtml}
}

@article{Compo2008,
    title = {Oceanic influences on recent continental warming},
    year = {2008},
    journal = {Climate Dynamics},
    author = {Compo, Gilbert P. and Sardeshmukh, Prashant D.},
    doi = {10.1007/s00382-008-0448-9},
    number = {2-3},
    month = {7},
    pages = {333--342},
    volume = {32},
    url = {http://www.springerlink.com/index/10.1007/s00382-008-0448-9}
}

@article{Deser2009,
    title = {Atmospheric Circulation Trends, 1950–2000: The Relative Roles of Sea Surface Temperature Forcing and Direct Atmospheric Radiative Forcing},
    year = {2009},
    journal = {Journal of Climate},
    author = {Deser, Clara and Phillips, Adam S.},
    doi = {10.1175/2008JCLI2453.1},
    number = {2},
    month = {1},
    pages = {396--413},
    volume = {22},
    url = {http://journals.ametsoc.org/doi/abs/10.1175/2008JCLI2453.1}
}

@article{Fasullo2008,
    title = {The Annual Cycle of the Energy Budget. Part I: Global Mean and Land–Ocean Exchanges},
    year = {2008},
    journal = {Journal of Climate},
    author = {Fasullo, John T. and Trenberth, Kevin E.},
    doi = {10.1175/2007JCLI1935.1},
    number = {10},
    month = {5},
    pages = {2297--2312},
    volume = {21},
    url = {http://journals.ametsoc.org/doi/abs/10.1175/2007JCLI1935.1}
}

@article{Joshi2008,
    title = {Dependence of the land-sea contrast in surface climate response on the nature of the forcing},
    year = {2008},
    journal = {Geophysical Research Letters},
    author = {Joshi, Manoj M. and Gregory, Jonathan M.},
    doi = {10.1029/2008GL036234},
    number = {24},
    month = {12},
    pages = {1--6},
    volume = {35},
    url = {http://www.agu.org/pubs/crossref/2008/2008GL036234.shtml}
}

@article{Joshi2007,
    title = {Mechanisms for the land/sea warming contrast exhibited by simulations of climate change},
    year = {2007},
    journal = {Climate Dynamics},
    author = {Joshi, Manoj M. and Gregory, Jonathan M. and Webb, Mark J. and Sexton, David M. H. and Johns, Tim C.},
    doi = {10.1007/s00382-007-0306-1},
    number = {5},
    month = {9},
    pages = {455--465},
    volume = {30},
    url = {http://www.springerlink.com/index/10.1007/s00382-007-0306-1}
}

@article{Dommenget2009,
    title = {The Ocean’s Role in Continental Climate Variability and Change},
    year = {2009},
    journal = {Journal of Climate},
    author = {Dommenget, Dietmar},
    doi = {10.1175/2009JCLI2778.1},
    number = {18},
    month = {9},
    pages = {4939--4952},
    volume = {22},
    url = {http://journals.ametsoc.org/doi/abs/10.1175/2009JCLI2778.1}
}

@article{Dong2009,
    title = {Understanding Land–Sea Warming Contrast in Response to Increasing Greenhouse Gases. Part I: Transient Adjustment},
    year = {2009},
    journal = {Journal of Climate},
    author = {Dong, Buwen and Gregory, Jonathan M. and Sutton, Rowan T.},
    doi = {10.1175/2009JCLI2652.1},
    number = {11},
    month = {6},
    pages = {3079--3097},
    volume = {22},
    url = {http://journals.ametsoc.org/doi/abs/10.1175/2009JCLI2652.1}
}

@article{SHIMPO2009,
    title = {Planetary Scale Land-Ocean Contrast of Near-Surface Air Temperature and Precipitation Forced by Present and Future SSTs},
    year = {2009},
    journal = {Journal of the Meteorological Society of Japan},
    author = {SHIMPO, Akihiko and KANAMITSU, Masao},
    doi = {10.2151/jmsj.87.877},
    number = {5},
    pages = {877--894},
    volume = {87},
    url = {http://japanlinkcenter.org/JST.JSTAGE/jmsj/87.877?from=Google http://joi.jlc.jst.go.jp/JST.JSTAGE/jmsj/87.877?from=CrossRef}
}

@article{Betts2010,
    title = {Progress in understanding land-surface-atmosphere coupling from LBA research},
    year = {2010},
    journal = {Journal of Advances in Modeling Earth Systems},
    author = {Betts, Alan K. and Silva Dias, Maria Assun{\c{c}}{\~{a}}o F.},
    doi = {10.3894/JAMES.2010.2.6},
    month = {6},
    volume = {2},
    url = {http://james.agu.org/index.php/JAMES/article/view/v2n6}
}

@article{Boer2011,
    title = {The ratio of land to ocean temperature change under global warming},
    year = {2011},
    journal = {Climate Dynamics},
    author = {Boer, G. J.},
    doi = {10.1007/s00382-011-1112-3},
    number = {11-12},
    month = {6},
    pages = {2253--2270},
    volume = {37},
    url = {http://www.springerlink.com/index/10.1007/s00382-011-1112-3}
}

@article{Fasullo2010,
    title = {Robust Land–Ocean Contrasts in Energy and Water Cycle Feedbacks*},
    year = {2010},
    journal = {Journal of Climate},
    author = {Fasullo, John T.},
    doi = {10.1175/2010JCLI3451.1},
    number = {17},
    month = {9},
    pages = {4677--4693},
    volume = {23},
    url = {http://journals.ametsoc.org/doi/abs/10.1175/2010JCLI3451.1}
}

@article{Kumar2010,
    title = {Are tropical SST trends changing the global teleconnection during La Ni{\~{n}}a?},
    year = {2010},
    journal = {Geophysical Research Letters},
    author = {Kumar, Arun and Jha, Bhaskar and L'Heureux, Michelle},
    doi = {10.1029/2010GL043394},
    number = {12},
    month = {6},
    pages = {1--6},
    volume = {37},
    url = {http://www.agu.org/pubs/crossref/2010/2010GL043394.shtml}
}

@article{Simmons2010,
    title = {Low-frequency variations in surface atmospheric humidity, temperature, and precipitation: Inferences from reanalyses and monthly gridded observational data sets},
    year = {2010},
    journal = {Journal of Geophysical Research},
    author = {Simmons, a. J. and Willett, K. M. and Jones, P. D. and Thorne, P. W. and Dee, D. P.},
    doi = {10.1029/2009JD012442},
    number = {D1},
    month = {1},
    pages = {1--21},
    volume = {115},
    url = {http://www.agu.org/pubs/crossref/2010/2009JD012442.shtml}
}

@article{Wang,
    title = {El Ni{\~{n}}o and Southern Oscillation (ENSO): A Review},
    year = {2012},
    author = {Wang, Chunzai and Deser, Clara and Yu, JY and DiNezio, P and Clement, A},
    number = {January 2012},
    url = {http://192.111.123.246/phod/docs/ENSO{\_}Revision.pdf}
}

@article{Lambert2011,
    title = {The Relationship between Land–Ocean Surface Temperature Contrast and Radiative Forcing},
    year = {2011},
    journal = {Journal of Climate},
    author = {Lambert, F. Hugo and Webb, Mark J. and Joshi, Manoj M.},
    doi = {10.1175/2011JCLI3893.1},
    number = {13},
    month = {7},
    pages = {3239--3256},
    volume = {24},
    url = {http://journals.ametsoc.org/doi/abs/10.1175/2011JCLI3893.1}
}

@article{Meehl2011,
    title = {Model-based evidence of deep-ocean heat uptake during surface-temperature hiatus periods},
    year = {2011},
    journal = {Nature Climate Change},
    author = {Meehl, Gerald A. and Arblaster, Julie M. and Fasullo, John T. and Hu, Aixue and Trenberth, Kevin E.},
    doi = {10.1038/nclimate1229},
    number = {7},
    month = {9},
    pages = {360--364},
    volume = {1},
    publisher = {Nature Publishing Group},
    url = {http://www.nature.com/doifinder/10.1038/nclimate1229}
}

@article{Previdi2011,
    title = {The vertical distribution of climate forcings and feedbacks from the surface to top of atmosphere},
    year = {2011},
    journal = {Climate Dynamics},
    author = {Previdi, Michael and Liepert, Beate G.},
    doi = {10.1007/s00382-011-1233-8},
    number = {3-4},
    month = {11},
    pages = {941--951},
    volume = {39},
    url = {http://www.springerlink.com/index/10.1007/s00382-011-1233-8}
}

@article{Trenberth2011,
    title = {Atmospheric Moisture Transports from Ocean to Land and Global Energy Flows in Reanalyses},
    year = {2011},
    journal = {Journal of Climate},
    author = {Trenberth, Kevin E. and Fasullo, John T. and Mackaro, Jessica},
    doi = {10.1175/2011JCLI4171.1},
    number = {18},
    month = {9},
    pages = {4907--4924},
    volume = {24},
    url = {http://journals.ametsoc.org/doi/abs/10.1175/2011JCLI4171.1}
}

@article{Dommenget2012,
    title = {Comments on “The Relationship between Land–Ocean Surface Temperature Contrast and Radiative Forcing”},
    year = {2012},
    journal = {Journal of Climate},
    author = {Dommenget, Dietmar},
    doi = {10.1175/JCLI-D-11-00476.1},
    number = {9},
    month = {5},
    pages = {3437--3440},
    volume = {25},
    url = {http://journals.ametsoc.org/doi/abs/10.1175/JCLI-D-11-00476.1}
}

@article{Trenberth2012,
    title = {Climate extremes and climate change: The Russian heat wave and other climate extremes of 2010},
    year = {2012},
    journal = {Journal of Geophysical Research},
    author = {Trenberth, Kevin E. and Fasullo, John T.},
    doi = {10.1029/2012JD018020},
    number = {D17},
    month = {9},
    pages = {1--12},
    volume = {117},
    url = {http://www.agu.org/pubs/crossref/2012/2012JD018020.shtml}
}

@article{Arakawa1974,
    title = {Interaction of a cumulus cloud ensemble with the large-scale environment, Part I},
    year = {1974},
    journal = {J. Atmos. sci},
    author = {Arakawa, A and Schubert, WH},
    url = {http://adsabs.harvard.edu/abs/1973PhDT.......102S http://schubert.atmos.colostate.edu/publications/refereed/arakawaandschubert1974{\_}cumulus.pdf}
}

@article{Yulaeva1994,
    title = {The signature of ENSO in global temperature and precipitation fields derived from the microwave sounding unit},
    year = {1994},
    journal = {Journal of climate},
    author = {Yulaeva, E and Wallace, John M.},
    url = {http://journals.ametsoc.org/doi/abs/10.1175/1520-0442(1994)007{\%}3C1719{\%}3ATSOEIG{\%}3E2.0.CO{\%}3B2}
}

@article{Lau1994,
    title = {A modeling study of the relative roles of tropical and extratropical SST anomalies in the variability of the global atmosphere-ocean system},
    year = {1994},
    journal = {Journal of climate},
    author = {Lau, NC and Nath, Mary Jo},
    volume = {7},
    url = {http://www.gfdl.noaa.gov/bibliography/related{\_}files/gl9401.pdf}
}

@article{Brown1997,
    title = {A test of the strict quasi-equilibrium theory on long time and space scales},
    year = {1997},
    journal = {Journal of the atmospheric …},
    author = {Brown, RG and Bretherton, CS},
    number = {1994},
    pages = {624--638},
    url = {http://journals.ametsoc.org/doi/abs/10.1175/1520-0469(1997)054{\%}3C0624{\%}3AATOTSQ{\%}3E2.0.CO{\%}3B2}
}

@article{Hoerling1997,
    title = {El Ni{\~{n}}o, La Ni{\~{n}}a, and the nonlinearity of their teleconnections},
    year = {1997},
    journal = {Journal of Climate},
    author = {Hoerling, Martin P. and Kumar, A and Zhong, M},
    pages = {1769--1786},
    url = {http://journals.ametsoc.org/doi/abs/10.1175/1520-0442(1997)010{\%}3C1769:ENOLNA{\%}3E2.0.CO{\%}3B2}
}

@article{Trenberth1998,
    title = {Progress during TOGA in understanding and modeling global teleconnections associated with tropical sea surface temperatures},
    year = {1998},
    journal = {Journal of Geophysical Research},
    author = {Trenberth, Kevin E. and Branstator, Grant W. and Karoly, David J. and Kumar, Arun and Lau, Ngar-Cheung and Ropelewski, Chester F.},
    doi = {10.1029/97JC01444},
    number = {C7},
    pages = {14291},
    volume = {103},
    url = {http://www.agu.org/pubs/crossref/1998/97JC01444.shtml}
}

@article{Wallace1998,
    title = {Coauthors, 1998: On the structure and evolution of ENSO-related climate variability in the tropical Pacific: Lessons from TOGA},
    year = {1998},
    journal = {Journal of Geophysical Research},
    author = {Wallace, John M. and Rasmusson, Eugene M. and Mitchell, TP and Kousky, VE and Sarachik, ES and von Storch, H},
    pages = {14241--14259},
    volume = {103},
    url = {http://scholar.google.com/scholar?hl=en{\&}btnG=Search{\&}q=intitle:On+the+structure+and+evolution+of+enso-related+climate+variability+in+the+tropical+Pacific+:+Lessons+from+TOGA{\#}3}
}

@article{Clement1999,
    title = {Climate and the Tropical Oceans*},
    year = {1999},
    journal = {Journal of climate},
    author = {Clement, A and Seager, R},
    number = {1997},
    pages = {3383--3401},
    volume = {12},
    url = {http://journals.ametsoc.org/doi/abs/10.1175/1520-0442(1999)012{\%}3C3383{\%}3ACATTO{\%}3E2.0.CO{\%}3B2}
}

@article{Klein1999,
    title = {Remote sea surface temperature variations during ENSO: Evidence for a tropical atmospheric bridge},
    year = {1999},
    journal = {Journal of Climate},
    author = {Klein, SA and Soden, BJ and Lau, NC},
    pages = {917--932},
    volume = {12},
    url = {http://journals.ametsoc.org/doi/full/10.1175/1520-0442(1999)012{\%}3C0917:RSSTVD{\%}3E2.0.CO{\%}3B2}
}

@article{Angell2000,
    title = {Tropospheric temperature variations adjusted for El Ni{\~{n}}o, 1958–1998},
    year = {2000},
    journal = {Journal of Geophysical Research},
    author = {Angell, James K.},
    doi = {10.1029/2000JD900044},
    number = {D9},
    month = {5},
    pages = {11841--11849},
    volume = {105},
    url = {http://www.agu.org/pubs/crossref/2000.../2000JD900044.shtml http://www.agu.org/pubs/crossref/2000/2000JD900044.shtml}
}

@article{Soden2000,
    title = {The sensitivity of the tropical hydrological cycle to ENSO},
    year = {2000},
    journal = {Journal of Climate},
    author = {Soden, BJ},
    number = {Wentz 1997},
    pages = {538--549},
    volume = {13},
    url = {http://journals.ametsoc.org/doi/pdf/10.1175/1520-0442(2000)013{\%}3C0538{\%}3ATSOTTH{\%}3E2.0.CO{\%}3B2}
}

@article{Diaz2001,
    title = {ENSO variability, teleconnections and climate change},
    year = {2001},
    journal = {International Journal of Climatology},
    author = {Diaz, Henry F. and Hoerling, Martin P. and Eischeid, Jon K.},
    doi = {10.1002/joc.631},
    number = {15},
    month = {12},
    pages = {1845--1862},
    volume = {21},
    url = {http://doi.wiley.com/10.1002/joc.631}
}

@article{Alexander2002,
    title = {The atmospheric bridge: The influence of ENSO teleconnections on air-sea interaction over the global oceans},
    year = {2002},
    journal = {Journal of climate},
    author = {Alexander, Michael A. and Blad{\'{e}}, I},
    pages = {2205--2231},
    volume = {15},
    url = {http://journals.ametsoc.org/doi/abs/10.1175/1520-0442(2002)015{\%}3C2205{\%}3ATABTIO{\%}3E2.0.CO{\%}3B2}
}

@article{Hoerling2002,
    title = {Atmospheric response patterns associated with tropical forcing},
    year = {2002},
    journal = {Journal of Climate},
    author = {Hoerling, Martin P. and Kumar, A},
    pages = {2184--2203},
    url = {http://journals.ametsoc.org/doi/pdf/10.1175/1520-0442(2002)015{\%}3C2184:ARPAWT{\%}3E2.0.CO{\%}3B2}
}

@article{Trenberth2002,
    title = {Evolution of El Ni{\~{n}}o–Southern Oscillation and global atmospheric surface temperatures},
    year = {2002},
    journal = {Journal of geophysical …},
    author = {Trenberth, Kevin E. and Caron, JM and Stepeniak, DP and Worley, S},
    volume = {107},
    url = {http://www.agu.org/pubs/crossref/2002/2000JD000298.shtml}
}

@article{Su2003,
    title = {Sensitivity of Tropical Tropospheric Temperature to Sea Surface Temperature Forcing*},
    year = {2003},
    journal = {Journal of climate},
    author = {Su, H and Neelin, J. David and Meyerson, Joyce E.},
    pages = {1283--1301},
    url = {http://journals.ametsoc.org/doi/abs/10.1175/1520-0442(2003)16{\%}3C1283{\%}3ASOTTTT{\%}3E2.0.CO{\%}3B2}
}

@article{Chiang2005,
    title = {Mechanisms of remote tropical surface warming during El Nino},
    year = {2005},
    journal = {Journal of climate},
    author = {Chiang, John C. H. and Lintner, Benjamin R.},
    number = {1999},
    pages = {4130--4149},
    volume = {18},
    url = {http://journals.ametsoc.org/doi/pdf/10.1175/JCLI3529.1}
}

@article{Su2005,
    title = {Mechanisms for Lagged Atmospheric Response to ENSO SST Forcing*},
    year = {2005},
    journal = {Journal of climate},
    author = {Su, H and Neelin, J. David and Meyerson, Joyce E.},
    number = {2002},
    pages = {4195--4215},
    volume = {18},
    url = {http://journals.ametsoc.org/doi/abs/10.1175/JCLI3514.1}
}

@article{Garcia-Herrera2006,
    title = {Propagation of ENSO temperature signals into the middle atmosphere: A comparison of two general circulation models and ERA-40 reanalysis data},
    year = {2006},
    journal = {Journal of Geophysical Research},
    author = {Garc{\'{i}}a-Herrera, R. and Calvo, N. and Garcia, R. R. and Giorgetta, M. a.},
    doi = {10.1029/2005JD006061},
    number = {D6},
    pages = {1--14},
    volume = {111},
    url = {http://www.agu.org/pubs/crossref/2006/2005JD006061.shtml}
}

@article{LHeureux2006,
    title = {Observed relationships between the El Nino-Southern Oscillation and the extratropical zonal-mean circulation},
    year = {2006},
    journal = {Journal of Climate},
    author = {L'Heureux, Michelle and Thompson, David W. J.},
    number = {2002},
    pages = {276--287},
    volume = {19},
    url = {http://journals.ametsoc.org/doi/abs/10.1175/JCLI3617.1}
}

@article{Lintner2007,
    title = {Adjustment of the Remote Tropical Climate to El Ni{\~{n}}o Conditions},
    year = {2007},
    journal = {Journal of Climate},
    author = {Lintner, Benjamin R. and Chiang, John C. H.},
    doi = {10.1175/JCLI4138.1},
    number = {11},
    month = {6},
    pages = {2544--2557},
    volume = {20},
    url = {http://journals.ametsoc.org/doi/abs/10.1175/JCLI4138.1}
}

@article{Compo2010,
    title = {Removing ENSO-Related Variations from the Climate Record},
    year = {2010},
    journal = {Journal of Climate},
    author = {Compo, Gilbert P. and Sardeshmukh, Prashant D.},
    doi = {10.1175/2009JCLI2735.1},
    number = {8},
    month = {4},
    pages = {1957--1978},
    volume = {23},
    url = {http://journals.ametsoc.org/doi/abs/10.1175/2009JCLI2735.1}
}

@article{Du2009,
    title = {Role of Air–Sea Interaction in the Long Persistence of El Ni{\~{n}}o–Induced North Indian Ocean Warming*},
    year = {2009},
    journal = {Journal of Climate},
    author = {Du, Yan and Xie, Shang-Ping and Huang, Gang and Hu, Kaiming},
    doi = {10.1175/2008JCLI2590.1},
    number = {8},
    month = {4},
    pages = {2023--2038},
    volume = {22},
    url = {http://journals.ametsoc.org/doi/abs/10.1175/2008JCLI2590.1}
}

@article{Huang2009,
    title = {Delayed atmospheric temperature response to ENSO SST: Role of high SST and the western Pacific},
    year = {2009},
    journal = {Advances in Atmospheric Sciences},
    author = {Huang, P and Huang, R},
    doi = {10.1007/s00376-009-0343-2.1.Introduction},
    number = {2},
    pages = {343--351},
    volume = {26},
    url = {http://www.springerlink.com/index/V1053828453J1R86.pdf}
}

@article{McLean2009,
    title = {Influence of the Southern Oscillation on tropospheric temperature},
    year = {2009},
    journal = {Journal of Geophysical Research},
    author = {McLean, J. D. and de Freitas, C. R. and Carter, R. M.},
    doi = {10.1029/2008JD011637},
    number = {D14},
    month = {7},
    pages = {1--8},
    volume = {114},
    url = {http://www.agu.org/pubs/crossref/2009/2008JD011637.shtml}
}

@article{Trenberth2009,
    title = {Variations in the Three-Dimensional Structure of the Atmospheric Circulation with Different Flavors of El Ni{\~{n}}o},
    year = {2009},
    journal = {Journal of Climate},
    author = {Trenberth, Kevin E. and Smith, Lesley},
    doi = {10.1175/2008JCLI2691.1},
    number = {11},
    month = {6},
    pages = {2978--2991},
    volume = {22},
    url = {http://journals.ametsoc.org/doi/abs/10.1175/2008JCLI2691.1}
}

@article{Zhang2011,
    title = {Physics of U.S. Surface Temperature Response to ENSO},
    year = {2011},
    journal = {Journal of Climate},
    author = {Zhang, Tao and Hoerling, Martin P. and Perlwitz, Judith and Sun, De-Zheng and Murray, Donald},
    doi = {10.1175/2011JCLI3944.1},
    number = {18},
    month = {9},
    pages = {4874--4887},
    volume = {24},
    url = {http://journals.ametsoc.org/doi/abs/10.1175/2011JCLI3944.1}
}

@article{Plumb1985,
    title = {On the three-dimensional propagation of stationary waves},
    year = {1985},
    journal = {Journal of the atmospheric sciences},
    author = {Plumb, RA},
    number = {3},
    pages = {217--229},
    volume = {42},
    url = {http://journals.ametsoc.org/doi/abs/10.1175/1520-0469(1985)042{\%}3C0217{\%}3AOTTDPO{\%}3E2.0.CO{\%}3B2}
}

@article{Takaya1997,
    title = {A formulation of a wave-activity flux for stationary Rossby waves on a zonally varying basic flow},
    year = {1997},
    journal = {Geophysical research letters},
    author = {Takaya, K and Nakamura, H},
    number = {23},
    pages = {2985--2988},
    volume = {24},
    url = {http://www.agu.org/pubs/crossref/1997/97GL03094.shtml}
}

@article{Cai2011,
    title = {Teleconnection Pathways of ENSO and the IOD and the Mechanisms for Impacts on Australian Rainfall},
    year = {2011},
    journal = {Journal of Climate},
    author = {Cai, Wenju and van Rensch, Peter and Cowan, Tim and Hendon, Harry H.},
    doi = {10.1175/2011JCLI4129.1},
    number = {15},
    month = {8},
    pages = {3910--3923},
    volume = {24},
    url = {http://journals.ametsoc.org/doi/abs/10.1175/2011JCLI4129.1}
}

@article{Li2012,
    title = {Contributions of Downstream Eddy Development to the Teleconnection between ENSO and the Atmospheric Circulation over the North Atlantic},
    year = {2012},
    journal = {Journal of Climate},
    author = {Li, Ying and Lau, Ngar-Cheung},
    doi = {10.1175/JCLI-D-11-00377.1},
    number = {14},
    month = {7},
    pages = {4993--5010},
    volume = {25},
    url = {http://journals.ametsoc.org/doi/abs/10.1175/JCLI-D-11-00377.1}
}

@article{Li2012a,
    title = {Impact of ENSO on the Atmospheric Variability over the North Atlantic in Late Winter—Role of Transient Eddies},
    year = {2012},
    journal = {Journal of Climate},
    author = {Li, Ying and Lau, Ngar-Cheung},
    doi = {10.1175/JCLI-D-11-00037.1},
    number = {1},
    month = {1},
    pages = {320--342},
    volume = {25},
    url = {http://journals.ametsoc.org/doi/abs/10.1175/JCLI-D-11-00037.1}
}

@article{Lee2012,
    title = {Is there an optimal ENSO pattern that enhances large-scale atmospheric processes conducive to tornado outbreaks in the US? 2},
    year = {2012},
    journal = {Journal of Climate},
    author = {Lee, SK and Atlas, Robert and Enfield, David and Wang, Chunzai and Liu, Hailong},
    number = {June},
    url = {http://192.111.123.246/phod/docs/JCLI-D-12-00128.pdf}
}

@article{Comrie2012,
    title = {Global air temperature variability independent of sea-surface temperature influences},
    year = {2012},
    journal = {Progress in Physical Geography},
    author = {Comrie, A. C. and McCabe, G. J.},
    doi = {10.1177/0309133312460074},
    month = {10},
    pages = {0309133312460074-},
    url = {http://ppg.sagepub.com/cgi/content/long/0309133312460074v1 http://ppg.sagepub.com/cgi/doi/10.1177/0309133312460074}
}

@article{Fasullo2011a,
    title = {A mechanism for land–ocean contrasts in global monsoon trends in a warming climate},
    year = {2011},
    journal = {Climate Dynamics},
    author = {Fasullo, John T.},
    doi = {10.1007/s00382-011-1270-3},
    number = {5},
    month = {12},
    pages = {1137--1147},
    volume = {39},
    url = {http://www.springerlink.com/index/10.1007/s00382-011-1270-3 http://www.springerlink.com/index/L2017655M880HW51.pdf}
}

@article{Gill1980,
    title = {Some simple solutions for heat-induced tropical circulation},
    year = {1980},
    journal = {Quarterly Journal of the Royal Meteorological Society},
    author = {Gill, A. E.},
    doi = {10.1002/qj.49710644905},
    number = {449},
    month = {7},
    pages = {447--462},
    volume = {106},
    url = {http://doi.wiley.com/10.1002/qj.49710644905}
}

@article{Rasmusson1982,
    title = {Variations in Tropical Sea Surface Temperature and Surface Wind Fields Associated with the Southern Oscillation/El Ni{\~{n}}o},
    year = {1982},
    journal = {Monthly Weather Review},
    author = {Rasmusson, Eugene M. and Carpenter, Thomas H.},
    doi = {10.1175/1520-0493(1982)110<0354:VITSST>2.0.CO;2},
    number = {5},
    month = {5},
    pages = {354--384},
    volume = {110},
    url = {http://journals.ametsoc.org.ezproxy.lib.monash.edu.au/doi/abs/10.1175/1520-0493(1982)110<0354:VITSST>2.0.CO;2}
}

@article{Neelin2000,
    title = {A Quasi-Equilibrium Tropical Circulation Model—Formulation*},
    year = {2000},
    journal = {Journal of the Atmospheric Sciences},
    author = {Neelin, J. David and Zeng, Ning},
    doi = {10.1175/1520-0469(2000)057<1741:AQETCM>2.0.CO;2},
    number = {11},
    month = {6},
    pages = {1741--1766},
    volume = {57},
    url = {http://journals.ametsoc.org.ezproxy.lib.monash.edu.au/doi/abs/10.1175/1520-0469(2000)057<1741:AQETCM>2.0.CO;2}
}

@article{Zeng2000,
    title = {A Quasi-Equilibrium Tropical Circulation Model—Implementation and Simulation*},
    year = {2000},
    journal = {Journal of the Atmospheric Sciences},
    author = {Zeng, Ning and Neelin, J. David and Chou, Chia},
    doi = {10.1175/1520-0469(2000)057<1767:AQETCM>2.0.CO;2},
    number = {11},
    month = {6},
    pages = {1767--1796},
    volume = {57},
    url = {http://journals.ametsoc.org.ezproxy.lib.monash.edu.au/doi/abs/10.1175/1520-0469(2000)057<1767:AQETCM>2.0.CO;2}
}

@article{Lintner2012,
    title = {Implementation of the Quasi-equilibrium Tropical Circulation Model 2 (QTCM2): Global simulations and convection sensitivity to free tropospheric moisture},
    year = {2012},
    journal = {Journal of Advances in Modeling Earth Systems},
    author = {Lintner, Benjamin R. and Bellon, Gilles and Sobel, Adam H. and Kim, Daehyun and Neelin, J. David},
    doi = {10.1029/2012MS000174},
    number = {null},
    month = {12},
    pages = {M12002},
    volume = {4},
    publisher = {American Geophysical Union},
    url = {http://www.agu.org/pubs/crossref/2012/2012MS000174.shtml}
}

@article{Izumi2013,
    title = {Consistent large-scale temperature responses in warm and cold climates},
    year = {2013},
    journal = {Geophysical Research Letters},
    author = {Izumi, Kenji and Bartlein, Patrick J. and Harrison, Sandy P.},
    doi = {10.1002/grl.50350},
    month = {1},
    pages = {n/a-n/a},
    url = {http://doi.wiley.com/10.1002/grl.50350}
}

@article{Meehl2007,
    title = {THE WCRP CMIP3 Multimodel Dataset: A New Era in Climate Change Research},
    year = {2007},
    journal = {Bulletin of the American Meteorological Society},
    author = {Meehl, Gerald A. and Covey, Curt and Taylor, Karl E. and Delworth, Thomas and Stouffer, Ronald J. and Latif, Mojib and McAvaney, Bryant and Mitchell, John F. B.},
    doi = {10.1175/BAMS-88-9-1383},
    number = {9},
    month = {9},
    pages = {1383--1394},
    volume = {88},
    url = {http://journals.ametsoc.org/doi/abs/10.1175/BAMS-88-9-1383}
}

@article{Dommenget2011,
    title = {Conceptual understanding of climate change with a globally resolved energy balance model},
    year = {2011},
    journal = {Climate Dynamics},
    author = {Dommenget, Dietmar and Fl{\"{o}}ter, Janine},
    doi = {10.1007/s00382-011-1026-0},
    number = {11-12},
    month = {3},
    pages = {2143--2165},
    volume = {37},
    url = {http://www.springerlink.com/index/10.1007/s00382-011-1026-0}
}

@article{Halpert1992,
    title = {Surface Temperature Patterns Associated with the Southern Oscillation},
    year = {1992},
    journal = {Journal of Climate},
    author = {Halpert, Michael S. and Ropelewski, Chester F.},
    doi = {10.1175/1520-0442(1992)005<0577:STPAWT>2.0.CO;2},
    number = {6},
    month = {6},
    pages = {577--593},
    volume = {5},
    url = {http://journals.ametsoc.org.ezproxy.lib.monash.edu.au/doi/abs/10.1175/1520-0442(1992)005<0577:STPAWT>2.0.CO;2}
}

@article{Hand2013,
    title = {Simulated response to inter-annual SST variations in the Gulf Stream region},
    year = {2013},
    journal = {Climate Dynamics},
    author = {Hand, Ralf and Keenlyside, Noel and Omrani, Nour-Eddine and Latif, Mojib},
    doi = {10.1007/s00382-013-1715-y},
    month = {3},
    url = {http://link.springer.com/10.1007/s00382-013-1715-y}
}

@article{Boschat2013,
    title = {Extratropical forcing of ENSO},
    year = {2013},
    journal = {Geophysical Research Letters},
    author = {Boschat, Ghyslaine and Terray, Pascal and Masson, S{\'{e}}bastien},
    doi = {10.1002/grl.50229},
    month = {1},
    pages = {n/a-n/a},
    url = {http://doi.wiley.com/10.1002/grl.50229}
}

@article{Koster2006,
    title = {GLACE: The Global Land–Atmosphere Coupling Experiment. Part I: Overview},
    year = {2006},
    journal = {Journal of Hydrometeorology},
    author = {Koster, Randal D. and Sud, Y. C. and Guo, Zhichang and Dirmeyer, Paul A. and Bonan, Gordon and Oleson, Keith W. and Chan, Edmond and Verseghy, Diana and Cox, Peter and Davies, Harvey and Kowalczyk, Eva and Gordon, C. T. and Kanae, Shinjiro and Lawrence, David and Liu, Ping and Mocko, David and Lu, Cheng-Hsuan and Mitchell, Ken and Malyshev, Sergey and McAvaney, Bryant and Oki, Taikan and Yamada, Tomohito and Pitman, Andrew and Taylor, Christopher M. and Vasic, Ratko and Xue, Yongkang},
    doi = {10.1175/JHM510.1},
    number = {4},
    month = {8},
    pages = {590--610},
    volume = {7},
    url = {http://journals.ametsoc.org/doi/abs/10.1175/JHM510.1}
}

@article{Bayr2013,
    title = {The Tropospheric Land–Sea Warming Contrast as the Driver of Tropical Sea Level Pressure Changes},
    year = {2013},
    journal = {Journal of Climate},
    author = {Bayr, Tobias and Dommenget, Dietmar},
    doi = {10.1175/JCLI-D-11-00731.1},
    number = {4},
    month = {2},
    pages = {1387--1402},
    volume = {26},
    url = {http://journals.ametsoc.org.ezproxy.lib.monash.edu.au/doi/abs/10.1175/JCLI-D-11-00731.1}
}

@article{Emanue2013,
    title = {Response of tropical sea surface temperature, precipitation, and tropical cyclone-related variables to changes in global and local forcing},
    year = {2013},
    journal = {Journal of Advances in Modeling Earth Systems},
    author = {Emanuel, Kerry A. and Sobel, Adam H.},
    doi = {10.1002/jame.20032},
    month = {5},
    pages = {n/a-n/a},
    url = {http://doi.wiley.com/10.1002/jame.20032}
}

@article{Su2005a,
    title = {Mechanisms for Lagged Atmospheric Response to ENSO SST Forcing*},
    year = {2005},
    journal = {Journal of Climate},
    author = {Su, Hui and Neelin, J. David and Meyerson, Joyce E.},
    doi = {10.1175/JCLI3514.1},
    number = {20},
    month = {10},
    pages = {4195--4215},
    volume = {18}
}

@article{Gu2011,
    title = {Precipitation and Temperature Variations on the Interannual Time Scale: Assessing the Impact of ENSO and Volcanic Eruptions},
    year = {2011},
    journal = {Journal of Climate},
    author = {Gu, Guojun and Adler, Robert F.},
    doi = {10.1175/2010JCLI3727.1},
    number = {9},
    month = {5},
    pages = {2258--2270},
    volume = {24},
    url = {http://journals.ametsoc.org.ezproxy.lib.monash.edu.au/doi/abs/10.1175/2010JCLI3727.1}
}

@article{Neelin2003a,
    title = {Tropical drought regions in global warming and El Ni{\~{n}}o teleconnections},
    year = {2003},
    journal = {Geophysical Research Letters},
    author = {Neelin, J. David},
    doi = {10.1029/2003GL018625},
    number = {24},
    pages = {2275},
    volume = {30},
    url = {http://doi.wiley.com/10.1029/2003GL018625}
}

@article{Xie2009,
    title = {Indian Ocean Capacitor Effect on Indo–Western Pacific Climate during the Summer following El Ni{\~{n}}o},
    year = {2009},
    journal = {Journal of Climate},
    author = {Xie, Shang-Ping and Hu, Kaiming and Hafner, Jan and Tokinaga, Hiroki and Du, Yan and Huang, Gang and Sampe, Takeaki},
    doi = {10.1175/2008JCLI2544.1},
    number = {3},
    month = {2},
    pages = {730--747},
    volume = {22},
    url = {http://journals.ametsoc.org.ezproxy.lib.monash.edu.au/doi/abs/10.1175/2008JCLI2544.1}
}

@article{Jin2010,
    title = {The Direct Response to Tropical Heating in a Baroclinic Atmosphere},
    year = {2010},
    author = {Jin, Feifei and Hoskins, Brian J.},
    doi = {10.1175/1520-0469(1995)052<0307:TDRTTH>2.0.CO;2},
    month = {2},
    url = {http://journals.ametsoc.org.ezproxy.lib.monash.edu.au/doi/abs/10.1175/1520-0469(1995)052<0307:TDRTTH>2.0.CO;2}
}

@article{Varotsos2013,
    title = {Plausible reasons for the inconsistencies between the modelled and observed temperatures in the tropical troposphere},
    year = {2013},
    journal = {Geophysical Research Letters},
    author = {Varotsos, Costas A. and Efstathiou, Maria N. and Cracknell, Arthur P.},
    doi = {10.1002/grl.50646},
    month = {6},
    pages = {n/a-n/a},
    url = {http://doi.wiley.com/10.1002/grl.50646}
}

@article{Dai2013,
    title = {The relative roles of upper and lower tropospheric thermal contrasts and tropical influences in driving Asian summer monsoons},
    year = {2013},
    journal = {Journal of Geophysical Research: Atmospheres},
    author = {Dai, Aiguo and Li, Hongmei and Sun, Ying and Hong, Li-Ciao and Lin, Ho and Chou, Chia and Zhou, Tianjun},
    doi = {10.1002/jgrd.50565},
    month = {6},
    pages = {n/a-n/a},
    url = {http://doi.wiley.com/10.1002/jgrd.50565}
}

@article{Santer2005a,
    title = {Amplification of surface temperature trends and variability in the tropical atmosphere.},
    year = {2005},
    journal = {Science (New York, N.Y.)},
    author = {Santer, B D and Wigley, T M L and Mears, C and Wentz, F J and Klein, S A and Seidel, D J and Taylor, K E and Thorne, P W and Wehner, M F and Gleckler, P J and Boyle, J S and Collins, W D and Dixon, K W and Doutriaux, C and Free, M and Fu, Qiang and Hansen, J E and Jones, G S and Ruedy, R and Karl, T R and Lanzante, J R and Meehl, Gerald A. and Ramaswamy, V and Russell, G and Schmidt, G A},
    doi = {10.1126/science.1114867},
    number = {5740},
    month = {9},
    pages = {1551--6},
    volume = {309},
    url = {http://www.sciencemag.org/content/309/5740/1551.abstract}
}

@article{Lau1997a,
    title = {Interactions between Global SST Anomalies and the Midlatitude Atmospheric Circulation},
    year = {1997},
    journal = {Bulletin of the American Meteorological Society},
    author = {Lau, Ngar-Cheung},
    doi = {10.1175/1520-0477(1997)078<0021:IBGSAA>2.0.CO;2},
    number = {1},
    month = {1},
    pages = {21--33},
    volume = {78},
    url = {http://journals.ametsoc.org.ezproxy.lib.monash.edu.au/doi/abs/10.1175/1520-0477(1997)078<0021:IBGSAA>2.0.CO;2}
}

@article{Garfinkel2013,
    title = {Temperature trends in the tropical upper troposphere and lower stratosphere: Connections with sea surface temperatures and implications for water vapor and ozone},
    year = {2013},
    journal = {Journal of Geophysical Research: Atmospheres},
    author = {Garfinkel, C. I. and Waugh, D. W. and Oman, L. D. and Wang, L. and Hurwitz, M. M.},
    doi = {10.1002/jgrd.50772},
    month = {8},
    pages = {n/a-n/a},
    url = {http://doi.wiley.com/10.1002/jgrd.50772}
}

@article{Rayner2006,
    title = {Improved Analyses of Changes and Uncertainties in Sea Surface Temperature Measured In Situ since the Mid-Nineteenth Century: The HadSST2 Dataset},
    year = {2006},
    journal = {Journal of Climate},
    author = {Rayner, Nick A. and Brohan, P. and Parker, D. E. and Folland, Chris K. and Kennedy, John J. and Vanicek, M. and Ansell, T. J. and Tett, S. F. B.},
    doi = {10.1175/JCLI3637.1},
    number = {3},
    month = {2},
    pages = {446--469},
    volume = {19},
    url = {http://journals.ametsoc.org/doi/abs/10.1175/JCLI3637.1}
}

@article{Brohan2006,
    title = {Uncertainty estimates in regional and global observed temperature changes: A new data set from 1850},
    year = {2006},
    journal = {Journal of Geophysical Research},
    author = {Brohan, P. and Kennedy, John J. and Harris, I. and Tett, S. F. B. and Jones, P. D.},
    doi = {10.1029/2005JD006548},
    number = {D12},
    pages = {D12106},
    volume = {111},
    url = {http://doi.wiley.com/10.1029/2005JD006548}
}

@article{Rayner2003,
    title = {Global analyses of sea surface temperature, sea ice, and night marine air temperature since the late nineteenth century},
    year = {2003},
    journal = {Journal of Geophysical Research},
    author = {Rayner, Nick A.},
    doi = {10.1029/2002JD002670},
    number = {D14},
    pages = {4407},
    volume = {108},
    url = {http://doi.wiley.com/10.1029/2002JD002670}
}

@article{Byrne2013,
    title = {Link between land-ocean warming contrast and surface relative humidities in simulations with coupled climate models},
    year = {2013},
    journal = {Geophysical Research Letters},
    author = {Byrne, Michael P. and O'Gorman, Paul A.},
    doi = {10.1002/grl.50971},
    month = {9},
    url = {http://onlinelibrary.wiley.com/doi/10.1002/grl.50971/abstract}
}

@article{Joshi2013,
    title = {An explanation for the difference between twentieth and twenty-first century land–sea warming ratio in climate models},
    year = {2013},
    journal = {Climate Dynamics},
    author = {Joshi, Manoj M. and Lambert, F. Hugo and Webb, Mark J.},
    doi = {10.1007/s00382-013-1664-5},
    month = {1},
    url = {http://link.springer.com/10.1007/s00382-013-1664-5}
}

@article{Dommenget2008,
    title = {Generation of hyper climate modes},
    year = {2008},
    journal = {Geophysical Research Letters},
    author = {Dommenget, Dietmar and Latif, Mojib},
    doi = {10.1029/2007GL031087},
    number = {2},
    month = {1},
    pages = {L02706},
    volume = {35},
    url = {http://doi.wiley.com/10.1029/2007GL031087}
}

@article{Taylor2012,
    title = {An Overview of CMIP5 and the Experiment Design},
    year = {2012},
    journal = {Bulletin of the American Meteorological Society},
    author = {Taylor, Karl E. and Stouffer, Ronald J. and Meehl, Gerald A.},
    doi = {10.1175/BAMS-D-11-00094.1},
    number = {4},
    month = {4},
    pages = {485--498},
    volume = {93},
    publisher = {American Meteorological Society}
}

@article{Davies2005,
    title = {A new dynamical core for the Met Office's global and regional modelling of the atmosphere},
    year = {2005},
    journal = {Quarterly Journal of the Royal Meteorological Society},
    author = {Davies, T. and Cullen, M. J. P. and Malcolm, A. J. and Mawson, M. H. and Staniforth, A. and White, A. A. and Wood, N.},
    doi = {10.1256/qj.04.101},
    number = {608},
    month = {4},
    pages = {1759--1782},
    volume = {131},
    url = {http://doi.wiley.com/10.1256/qj.04.101}
}

@article{Martin2010,
    title = {Analysis and Reduction of Systematic Errors through a Seamless Approach to Modeling Weather and Climate},
    year = {2010},
    journal = {Journal of Climate},
    author = {Martin, G. M. and Milton, S. F. and Senior, C. A. and Brooks, M. E. and Ineson, S. and Reichler, T. and Kim, J.},
    doi = {10.1175/2010JCLI3541.1},
    number = {22},
    month = {11},
    pages = {5933--5957},
    volume = {23}
}

@article{Bellouin2011,
    title = {The HadGEM2 family of Met Office Unified Model Climate configurations},
    year = {2011},
    journal = {Geoscientific Model Development Discussions},
    author = {Martin, G. M. and Bellouin, N. and Collins, W. J. and Culverwell, I. D. and Halloran, P. R. and Hardiman, S. C. and Hinton, T. J. and Jones, C. D. and McDonald, R. E. and McLaren, A. J. and O'Connor, F. M. and Roberts, M. J. and Rodriguez, J. M. and Woodward, S. and Best, M. J. and Brooks, M. E. and Brown, A. R. and Butchart, N. and Dearden, C. and Derbyshire, S. H. and Dharssi, I. and Doutriaux-Boucher, M. and Edwards, J. M. and Falloon, P. D. and Gedney, N. and Gray, L. J. and Hewitt, H. T. and Hobson, M. and Huddleston, M. R. and Hughes, J. and Ineson, S. and Ingram, W. J. and James, P. M. and Johns, Tim C. and Johnson, Colin E. and Jones, A. and Jones, C. P. and Joshi, Manoj M. and Keen, A. B. and Liddicoat, S. and Lock, A. P. and Maidens, A. V. and Manners, J. C. and Milton, S. F. and Rae, J. G. L. and Ridley, J. K. and Sellar, A. and Senior, C. A. and Totterdell, I. J. and Verhoef, A. and Vidale, P. L. and Wiltshire, A.},
    doi = {10.5194/gmdd-4-765-2011},
    number = {2},
    month = {4},
    pages = {765--841},
    volume = {4},
    publisher = {Copernicus GmbH}
}

@article{Cess1990,
    title = {Intercomparison and interpretation of climate feedback processes in 19 atmospheric general circulation models},
    year = {1990},
    journal = {Journal of Geophysical Research},
    author = {Cess, R. D. and Potter, G. L. and Blanchet, J. P. and Boer, G. J. and Del Genio, A. D. and D{\'{e}}qu{\'{e}}, M. and Dymnikov, V. and Galin, V. and Gates, W. L. and Ghan, S. J. and Kiehl, J. T. and Lacis, A. A. and Le Treut, H. and Li, Z.-X. and Liang, X.-Z. and McAvaney, B. J. and Meleshko, V. P. and Mitchell, J. F. B. and Morcrette, J.-J. and Randall, D. A. and Rikus, L. and Roeckner, E. and Royer, J. F. and Schlese, U. and Sheinin, D. A. and Slingo, A. and Sokolov, A. P. and Taylor, K. E. and Washington, W. M. and Wetherald, R. T. and Yagai, I. and Zhang, M.-H.},
    doi = {10.1029/JD095iD10p16601},
    number = {D10},
    pages = {16601},
    volume = {95},
    url = {http://doi.wiley.com/10.1029/JD095iD10p16601}
}

@article{D.2002,
    title = {Analysis of observed and simulated SST spectra in the midlatitudes},
    year = {2002},
    journal = {Climate Dynamics},
    author = {Dommenget, Dietmar and Latif, Mojib},
    doi = {10.1007/s00382-002-0229-9},
    number = {3-4},
    month = {7},
    pages = {277--288},
    volume = {19},
    url = {http://link.springer.com/10.1007/s00382-002-0229-9}
}

@article{Byrne2013a,
    title = {Land-Ocean Warming Contrast over a Wide Range of Climates: Convective Quasi-Equilibrium Theory and Idealized Simulations},
    year = {2013},
    journal = {Journal of Climate},
    author = {Byrne, Michael P. and O'Gorman, Paul A.},
    doi = {10.1175/JCLI-D-12-00262.1},
    number = {12},
    month = {6},
    pages = {4000--4016},
    volume = {26}
}

@article{Lau2000,
    title = {Impact of ENSO on the Variability of the Asian–Australian Monsoons as Simulated in GCM Experiments},
    year = {2000},
    journal = {Journal of Climate},
    author = {Lau, Ngar-Cheung and Nath, Mary Jo},
    doi = {10.1175/1520-0442(2000)013<4287:IOEOTV>2.0.CO;2},
    number = {24},
    month = {12},
    pages = {4287--4309},
    volume = {13}
}

@article{Alexander1992a,
    title = {Midlatitude Atmosphere–Ocean Interaction during El Ni{\~{n}}o. Part II: The Northern Hemisphere Atmosphere},
    year = {1992},
    journal = {Journal of Climate},
    author = {Alexander, Michael A.},
    doi = {10.1175/1520-0442(1992)005<0959:MAIDEN>2.0.CO;2},
    number = {9},
    month = {9},
    pages = {959--972},
    volume = {5}
}

@article{Alexander1992,
    title = {Midlatitude Atmosphere–Ocean Interaction during El Ni{\~{n}}o. Part I: The North Pacific Ocean},
    year = {1992},
    journal = {Journal of Climate},
    author = {Alexander, Michael A.},
    doi = {10.1175/1520-0442(1992)005<0944:MAIDEN>2.0.CO;2},
    number = {9},
    month = {9},
    pages = {944--958},
    volume = {5}
}

@article{Cash2008,
    title = {Links between Tropical Pacific SST and Cholera Incidence in Bangladesh: Role of the Eastern and Central Tropical Pacific},
    year = {2008},
    journal = {Journal of Climate},
    author = {Cash, Benjamin A. and Rod{\'{o}}, Xavier and Kinter, James L.},
    doi = {10.1175/2007JCLI2001.1},
    number = {18},
    month = {9},
    pages = {4647--4663},
    volume = {21},
    url = {http://journals.ametsoc.org.ezproxy.lib.monash.edu.au/doi/full/10.1175/2007JCLI2001.1}
}

@article{Lu2011,
    title = {Oceanic forcing for the East Asian precipitation in pacemaker AGCM experiments},
    year = {2011},
    journal = {Geophysical Research Letters},
    author = {Lu, Jian and Zhang, Minghong and Cash, Ben and Li, Shuanglin},
    doi = {10.1029/2011GL047614},
    number = {12},
    month = {6},
    pages = {n/a-n/a},
    volume = {38},
    url = {http://doi.wiley.com/10.1029/2011GL047614}
}

@article{Barsugli1998,
    title = {The Basic Effects of Atmosphere–Ocean Thermal Coupling on Midlatitude Variability*},
    year = {1998},
    journal = {Journal of the Atmospheric Sciences},
    author = {Barsugli, Joseph J. and Battisti, David S.},
    doi = {10.1175/1520-0469(1998)055<0477:TBEOAO>2.0.CO;2},
    number = {4},
    month = {2},
    pages = {477--493},
    volume = {55}
}

@article{Wang2013,
    title = {An evaluation of the CMIP3 and CMIP5 simulations in their skill of simulating the spatial structure of SST variability},
    year = {2013},
    journal = {Climate Dynamics},
    author = {Wang, Gang and Dommenget, Dietmar and Frauen, Claudia}
}

@book{Alexander2010,
    title = {Climate Dynamics: Why Does Climate Vary?},
    year = {2010},
    booktitle = {Geophysical Monograph Series},
    author = {Alexander, Michael A.},
    doi = {10.1029/GM189},
    editor = {Sun, De-Zheng and Bryan, Frank},
    pages = {123--148},
    series = {Geophysical Monograph Series},
    volume = {189},
    publisher = {American Geophysical Union},
    url = {http://www.agu.org.ezproxy.lib.monash.edu.au/books/gm/v189/2008GM000794/2008GM000794.shtml}
}

@article{Bolton1980,
    title = {The Computation of Equivalent Potential Temperature},
    year = {1980},
    journal = {Monthly Weather Review},
    author = {Bolton, David},
    doi = {10.1175/1520-0493(1980)108<1046:TCOEPT>2.0.CO;2},
    number = {7},
    month = {7},
    pages = {1046--1053},
    volume = {108},
    url = {http://journals.ametsoc.org.ezproxy.lib.monash.edu.au/doi/abs/10.1175/1520-0493(1980)108{\%}3C1046:TCOEPT{\%}3E2.0.CO{\%}3B2}
}

@article{Sobel2000,
    title = {Modeling Tropical Precipitation in a Single Column},
    year = {2000},
    journal = {Journal of Climate},
    author = {Sobel, Adam H. and Bretherton, Christopher S.},
    doi = {10.1175/1520-0442(2000)013<4378:MTPIAS>2.0.CO;2},
    number = {24},
    month = {12},
    pages = {4378--4392},
    volume = {13},
    url = {http://journals.ametsoc.org.ezproxy.lib.monash.edu.au/doi/abs/10.1175/1520-0442(2000)013<4378:MTPIAS>2.0.CO;2}
}

@article{Zhu2012,
    title = {Comparison of a single-column model in weak temperature gradient mode to its parent AGCM},
    year = {2012},
    journal = {Quarterly Journal of the Royal Meteorological Society},
    author = {Zhu, Hongyan and Sobel, Adam H.},
    doi = {10.1002/qj.967},
    number = {665},
    month = {4},
    pages = {1025--1034},
    volume = {138},
    url = {http://doi.wiley.com/10.1002/qj.967}
}

@article{Sobel2009,
    title = {The Effect of Imposed Drying on Parameterized Deep Convection},
    year = {2009},
    journal = {Journal of the Atmospheric Sciences},
    author = {Sobel, Adam H. and Bellon, Gilles},
    doi = {10.1175/2008JAS2926.1},
    number = {7},
    month = {7},
    pages = {2085--2096},
    volume = {66},
    url = {http://journals.ametsoc.org.ezproxy.lib.monash.edu.au/doi/abs/10.1175/2008JAS2926.1}
}

@article{Sobel2002a,
    title = {Water vapor as an active scalar in tropical atmospheric dynamics.},
    year = {2002},
    journal = {Chaos (Woodbury, N.Y.)},
    author = {Sobel, Adam H.},
    doi = {10.1063/1.1480795},
    number = {2},
    month = {6},
    pages = {451--459},
    volume = {12},
    publisher = {AIP Publishing},
    url = {http://scitation.aip.org.ezproxy.lib.monash.edu.au/content/aip/journal/chaos/12/2/10.1063/1.1480795}
}

@article{Bretherton2003,
    title = {The Gill Model and the Weak Temperature Gradient Approximation},
    year = {2003},
    journal = {Journal of the Atmospheric Sciences},
    author = {Bretherton, Christopher S. and Sobel, Adam H.},
    doi = {10.1175/1520-0469(2003)060<0451:TGMATW>2.0.CO;2},
    number = {2},
    month = {1},
    pages = {451--460},
    volume = {60},
    url = {http://journals.ametsoc.org.ezproxy.lib.monash.edu.au/doi/abs/10.1175/1520-0469(2003)060<0451:TGMATW>2.0.CO;2}
}

@article{Bergman2003,
    title = {Usefulness of Single Column Model Diagnosis through Short-Term Predictions},
    year = {2003},
    journal = {Journal of Climate},
    author = {Bergman, John W. and Sardeshmukh, Prashant D.},
    doi = {10.1175/1520-0442(2003)016<3803:UOSCMD>2.0.CO;2},
    number = {22},
    month = {11},
    pages = {3803--3819},
    volume = {16},
    url = {http://journals.ametsoc.org.ezproxy.lib.monash.edu.au/doi/abs/10.1175/1520-0442(2003)016<3803:UOSCMD>2.0.CO;2}
}

@article{Franklin2012,
    title = {Assessing the performance of a prognostic and a diagnostic cloud scheme using single column model simulations of TWP-ICE},
    year = {2012},
    journal = {Quarterly Journal of the Royal Meteorological Society},
    author = {Franklin, Charmaine N. and Jakob, Christian and Dix, Martin and Protat, Alain and Roff, Greg},
    doi = {10.1002/qj.954},
    number = {664},
    month = {4},
    pages = {734--754},
    volume = {138},
    url = {http://doi.wiley.com/10.1002/qj.954}
}

@article{Bergman2004,
    title = {Dynamic Stabilization of Atmospheric Single Column Models},
    year = {2004},
    journal = {Journal of Climate},
    author = {Bergman, John W. and Sardeshmukh, Prashant D.},
    doi = {10.1175/1520-0442(2004)017<1004:DSOASC>2.0.CO;2},
    number = {5},
    month = {3},
    pages = {1004--1021},
    volume = {17},
    url = {http://journals.ametsoc.org.ezproxy.lib.monash.edu.au/doi/full/10.1175/1520-0442(2004)017<1004:DSOASC>2.0.CO;2}
}

@misc{Barras2011,
    title = {GENESIS: forming an ACCESS-SCM testbed from NWP analyses},
    year = {2011},
    booktitle = {CAWCR Research Letters, 6},
    author = {Barras, V and Miao, Y},
    pages = {11--15},
    url = {http://www.cawcr.gov.au/staff/vjb/scm/2011{\_}Barras{\_}CRL{\_}final.pdf}
}

@article{Lintner2005,
    title = {Reorganization of Tropical Climate during El Ni{\~{n}}o: A Weak Temperature Gradient Approach},
    year = {2005},
    journal = {Journal of Climate},
    author = {Lintner, Benjamin R. and Chiang, John C. H.},
    doi = {10.1175/JCLI3580.1},
    number = {24},
    month = {12},
    pages = {5312--5329},
    volume = {18},
    url = {http://journals.ametsoc.org.ezproxy.lib.monash.edu.au/doi/abs/10.1175/JCLI3580.1}
}

@article{Sobel2007,
    title = {Multiple equilibria in a single-column model of the tropical atmosphere},
    year = {2007},
    journal = {Geophysical Research Letters},
    author = {Sobel, Adam H. and Bellon, Gilles and Bacmeister, J.},
    doi = {10.1029/2007GL031320},
    number = {22},
    month = {11},
    pages = {L22804},
    volume = {34},
    url = {http://doi.wiley.com/10.1029/2007GL031320}
}

@article{Ramsay2011,
    title = {Effects of Relative and Absolute Sea Surface Temperature on Tropical Cyclone Potential Intensity Using a Single-Column Model},
    year = {2011},
    journal = {Journal of Climate},
    author = {Ramsay, Hamish A. and Sobel, Adam H.},
    doi = {10.1175/2010JCLI3690.1},
    number = {1},
    month = {1},
    pages = {183--193},
    volume = {24},
    url = {http://journals.ametsoc.org.ezproxy.lib.monash.edu.au/doi/abs/10.1175/2010JCLI3690.1}
}

@article{Sobel2001,
    title = {The Weak Temperature Gradient Approximation and Balanced Tropical Moisture Waves*},
    year = {2001},
    journal = {Journal of the Atmospheric Sciences},
    author = {Sobel, Adam H. and Nilsson, Johan and Polvani, Lorenzo M.},
    doi = {10.1175/1520-0469(2001)058<3650:TWTGAA>2.0.CO;2},
    number = {23},
    month = {12},
    pages = {3650--3665},
    volume = {58},
    url = {http://journals.ametsoc.org/doi/abs/10.1175/1520-0469(2001)058<3650:TWTGAA>2.0.CO;2}
}

@article{Cronin2013a,
    title = {The climate time scale in the approach to radiative-convective equilibrium},
    year = {2013},
    journal = {Journal of Advances in Modeling Earth Systems},
    author = {Cronin, Timothy W. and Emanuel, Kerry A.},
    doi = {10.1002/jame.20049},
    month = {10},
    pages = {n/a-n/a},
    url = {http://doi.wiley.com/10.1002/jame.20049}
}

@article{Emanuel1994,
    title = {On large-scale circulations in convecting atmospheres},
    year = {1994},
    journal = {Quarterly Journal of the Royal Meteorological Society},
    author = {Emanuel, Kerry A. and David Neelin, J. and Bretherton, Christopher S.},
    doi = {10.1002/qj.49712051902},
    number = {519},
    month = {7},
    pages = {1111--1143},
    volume = {120},
    url = {http://doi.wiley.com/10.1002/qj.49712051902}
}

@article{Cronin2013,
    title = {A sensitivity theory for the equilibrium boundary layer over land},
    year = {2013},
    journal = {Journal of Advances in Modeling Earth Systems},
    author = {Cronin, Timothy W.},
    doi = {10.1002/jame.20048},
    month = {10},
    pages = {n/a-n/a},
    url = {http://doi.wiley.com/10.1002/jame.20048}
}

@article{Neelin2000a,
    title = {A Quasi-Equilibrium Tropical Circulation Model—Formulation*},
    year = {2000},
    journal = {Journal of the Atmospheric Sciences},
    author = {Neelin, J. David and Zeng, Ning},
    doi = {10.1175/1520-0469(2000)057<1741:AQETCM>2.0.CO;2},
    number = {11},
    month = {6},
    pages = {1741--1766},
    volume = {57},
    url = {http://journals.ametsoc.org.ezproxy.lib.monash.edu.au/doi/abs/10.1175/1520-0469(2000)057<1741:AQETCM>2.0.CO;2}
}

@article{Folland2005,
    title = {Assessing bias corrections in historical sea surface temperature using a climate model},
    year = {2005},
    journal = {International Journal of Climatology},
    author = {Folland, Chris K.},
    doi = {10.1002/joc.1171},
    number = {7},
    month = {6},
    pages = {895--911},
    volume = {25},
    url = {http://doi.wiley.com/10.1002/joc.1171}
}

@article{Su2004,
    title = {Tropical Tropospheric Temperature and Precipitation Response to Sea Surface Temperature Forcing},
    year = {2004},
    journal = {Geophysical Monograph Series},
    author = {Su, Hui and Neelin, J. David and Meyerson, Joyce E.},
    number = {Earth's Climate: The Ocean-Atmosphere Interaction},
    volume = {147}
}

@article{Bony2001,
    title = {A Parameterization of the Cloudiness Associated with Cumulus Convection; Evaluation Using TOGA COARE Data},
    year = {2001},
    journal = {Journal of the Atmospheric Sciences},
    author = {Bony, Sandrine and Emanuel, Kerry A.},
    doi = {10.1175/1520-0469(2001)058<3158:APOTCA>2.0.CO;2},
    number = {21},
    month = {11},
    pages = {3158--3183},
    volume = {58},
    url = {http://journals.ametsoc.org.ezproxy.lib.monash.edu.au/doi/abs/10.1175/1520-0469(2001)058{\%}3C3158{\%}3AAPOTCA{\%}3E2.0.CO{\%}3B2}
}

@article{Boe2013,
    title = {Land–sea contrast, soil-atmosphere and cloud-temperature interactions: interplays and roles in future summer European climate change},
    year = {2013},
    journal = {Climate Dynamics},
    author = {Bo{\'{e}}, Julien and Terray, Laurent},
    doi = {10.1007/s00382-013-1868-8},
    number = {3-4},
    month = {7},
    pages = {683--699},
    volume = {42},
    url = {http://link.springer.com/10.1007/s00382-013-1868-8}
}

@article{Lintner2005b,
    title = {Reorganization of Tropical Climate during El Ni{\~{n}}o : A Weak Temperature},
    year = {2005},
    author = {Lintner, Benjamin R. and Chiang, John C. H.},
    pages = {5312--5329}
}

@article{Schneider2010,
    title = {WATER VAPOR AND THE DYNAMICS OF CLIMATE CHANGES},
    year = {2010},
    journal = {Reviews of Geophysics},
    author = {Schneider, Tapio and O'Gorman, Paul A. and Levine, Xavier J.},
    doi = {10.1029/2009RG000302},
    number = {3},
    month = {7},
    pages = {RG3001},
    volume = {48},
    url = {http://doi.wiley.com/10.1029/2009RG000302}
}

@article{Abbot2007,
    title = {A Tropical and Subtropical Land–Sea–Atmosphere Drought Oscillation Mechanism},
    year = {2006},
    journal = {Journal of the Atmospheric Sciences},
    author = {Abbot, Dorian S. and Emanuel, Kerry A.},
    doi = {10.1175/2007JAS2186.1},
    number = {12},
    month = {12},
    pages = {4458--4468},
    volume = {64},
    url = {http://journals.ametsoc.org.ezproxy.lib.monash.edu.au/doi/abs/10.1175/2007JAS2186.1}
}

@article{Nilsson1999,
    title = {Equilibrium atmospheres of a two-column radiative-convective model},
    year = {1999},
    journal = {Quarterly Journal of the Royal Meteorological Society},
    author = {Nilsson, Johan and Emanuel, Kerry A.},
    doi = {10.1002/qj.49712555814},
    number = {558},
    month = {7},
    pages = {2239--2264},
    volume = {125},
    url = {http://doi.wiley.com/10.1002/qj.49712555814}
}

@article{Wallace1996,
    title = {Interpretation of Interdecadal Trends in Northern Hemisphere Surface Air Temperature},
    year = {1996},
    journal = {Journal of Climate},
    author = {Wallace, John M. and Zhang, Yuan and Bajuk, Louis},
    doi = {10.1175/1520-0442(1996)009<0249:IOITIN>2.0.CO;2},
    number = {2},
    month = {2},
    pages = {249--259},
    volume = {9},
    url = {http://journals.ametsoc.org.ezproxy.lib.monash.edu.au/doi/abs/10.1175/1520-0442(1996)009<0249:IOITIN>2.0.CO;2}
}

@article{Broccoli1998,
    title = {The Cold Ocean–Warm Land Pattern: Model Simulation and Relevance to Climate Change Detection},
    year = {1998},
    journal = {Journal of Climate},
    author = {Broccoli, Anthony J. and Lau, Ngar-Cheung and Nath, Mary Jo},
    doi = {10.1175/1520-0442(1998)011<2743:TCOWLP>2.0.CO;2},
    number = {11},
    month = {11},
    pages = {2743--2763},
    volume = {11},
    url = {http://journals.ametsoc.org.ezproxy.lib.monash.edu.au/doi/abs/10.1175/1520-0442(1998)011<2743:TCOWLP>2.0.CO;2}
}

@article{Wallace1995,
    title = {Dynamic Contribution to Hemispheric Mean Temperature Trends},
    year = {1995},
    journal = {Science},
    author = {Wallace, John M. and Zhang, Y. and Renwick, J. A.},
    doi = {10.1126/science.270.5237.780},
    number = {5237},
    month = {11},
    pages = {780--783},
    volume = {270},
    url = {http://www.sciencemag.org.ezproxy.lib.monash.edu.au/content/270/5237/780.short}
}

@article{Wallace2012,
    title = {Simulated versus observed patterns of warming over the extratropical Northern Hemisphere continents during the cold season.},
    year = {2012},
    journal = {Proceedings of the National Academy of Sciences of the United States of America},
    author = {Wallace, John M. and Fu, Qiang and Smoliak, Brian V and Lin, Pu and Johanson, Celeste M.},
    doi = {10.1073/pnas.1204875109},
    number = {36},
    month = {9},
    pages = {14337--42},
    volume = {109},
    url = {http://www.pnas.org.ezproxy.lib.monash.edu.au/content/109/36/14337.full}
}

@article{Hurrell1996,
    title = {Influence of variations in extratropical wintertime teleconnections on northern hemisphere temperature},
    year = {1996},
    journal = {Geophysical Research Letters},
    author = {Hurrell, James W.},
    doi = {10.1029/96GL00459},
    number = {6},
    month = {3},
    pages = {665--668},
    volume = {23},
    publisher = {AMER GEOPHYSICAL UNION, 2000 FLORIDA AVE NW, WASHINGTON, DC 20009},
    url = {http://apps.webofknowledge.com.ezproxy.lib.monash.edu.au/full{\_}record.do?product=WOS{\&}search{\_}mode=CitingArticles{\&}qid=3{\&}SID=X2kSSzuvyiVykfFgTA5{\&}page=1{\&}doc=3{\&}cacheurlFromRightClick=no}
}

@article{Jain1999a,
    title = {Seasonality and interannual variations of northern hemisphere temperature: Equator-to-pole gradient and ocean-land contrast},
    year = {1999},
    journal = {JOURNAL OF CLIMATE},
    author = {Jain, S and Lall, U and Mann, ME},
    doi = {10.1175/1520-0442(1999)0122.0.CO;2},
    number = {4},
    month = {4},
    pages = {1086--1100},
    volume = {12},
    publisher = {AMER METEOROLOGICAL SOC, 45 BEACON ST, BOSTON, MA 02108-3693 USA},
    url = {http://apps.webofknowledge.com.ezproxy.lib.monash.edu.au/full{\_}record.do?product=WOS{\&}search{\_}mode=CitingArticles{\&}qid=3{\&}SID=X2kSSzuvyiVykfFgTA5{\&}page=5{\&}doc=43{\&}cacheurlFromRightClick=no}
}

@article{Folland1998,
    title = {Influences of anthropogenic and oceanic forcing on recent climate change},
    year = {1998},
    journal = {Geophysical Research Letters},
    author = {Folland, Chris K. and Sexton, David M. H. and Karoly, David J. and Johnson, Colin E. and Rowell, David P. and Parker, David E.},
    doi = {10.1029/97GL03701},
    number = {3},
    month = {2},
    pages = {353--356},
    volume = {25},
    publisher = {AMER GEOPHYSICAL UNION, 2000 FLORIDA AVE NW, WASHINGTON, DC 20009 USA},
    url = {http://apps.webofknowledge.com.ezproxy.lib.monash.edu.au/full{\_}record.do?product=WOS{\&}search{\_}mode=CitingArticles{\&}qid=3{\&}SID=X2kSSzuvyiVykfFgTA5{\&}page=3{\&}doc=30{\&}cacheurlFromRightClick=no}
}

@article{Thompson2000a,
    title = {Annular Modes in the Extratropical Circulation. Part II: Trends},
    year = {2000},
    journal = {Journal of Climate},
    author = {Thompson, David W. J. and Wallace, John M. and Hegerl, Gabriele C.},
    doi = {10.1175/1520-0442(2000)013<1018:AMITEC>2.0.CO;2},
    number = {5},
    month = {3},
    pages = {1018--1036},
    volume = {13},
    url = {http://journals.ametsoc.org.ezproxy.lib.monash.edu.au/doi/abs/10.1175/1520-0442(2000)013<1018:AMITEC>2.0.CO;2}
}

@article{Thompson2000,
    title = {Annular modes in the extratropical circulation. Part I: Month-to-month variability},
    year = {2000},
    journal = {JOURNAL OF CLIMATE},
    author = {Thompson, David W. J. and Wallace, John M.},
    doi = {10.1175/1520-0442(2000)0132.0.CO;2},
    number = {5},
    month = {3},
    pages = {1000--1016},
    volume = {13},
    publisher = {AMER METEOROLOGICAL SOC, 45 BEACON ST, BOSTON, MA 02108-3693 USA},
    url = {http://apps.webofknowledge.com.ezproxy.lib.monash.edu.au/full{\_}record.do?product=WOS{\&}search{\_}mode=GeneralSearch{\&}qid=19{\&}SID=X2kSSzuvyiVykfFgTA5{\&}page=1{\&}doc=2}
}

@article{Thompson2010,
    title = {Identifying Signatures of Natural Climate Variability in Time Series of Global-Mean Surface Temperature: Methodology and Insights},
    year = {2010},
    author = {Thompson, David W. J. and Wallace, John M. and Jones, Phil D. and Kennedy, John J.},
    month = {2},
    url = {http://journals.ametsoc.org.ezproxy.lib.monash.edu.au/doi/abs/10.1175/2009JCLI3089.1}
}

@article{Hegerl2011,
    title = {Use of models in detection and attribution of climate change},
    year = {2011},
    journal = {Wiley Interdisciplinary Reviews: Climate Change},
    author = {Hegerl, Gabriele C. and Zwiers, Francis},
    doi = {10.1002/wcc.121},
    number = {4},
    month = {7},
    pages = {570--591},
    volume = {2},
    url = {http://doi.wiley.com/10.1002/wcc.121}
}

@misc{Mckinnon2009,
    title = {The fingerprint of ocean influence on seasonal and interannual temperature change A controlled experiment : instrumental record},
    year = {2009},
    author = {Mckinnon, Karen and Huybers, Peter},
    number = {5},
    pages = {13704},
    volume = {30}
}

@article{MacMartin2013,
    title = {Frequency Domain Multimodel Analysis of the Response of Atlantic Meridional Overturning Circulation to Surface Forcing.},
    year = {2013},
    journal = {pre-print},
    author = {MacMartin, DG and Tziperman, Eli and Zanna, Laure},
    url = {http://search.ebscohost.com/login.aspx?direct=true{\&}profile=ehost{\&}scope=site{\&}authtype=crawler{\&}jrnl=08948755{\&}AN=91255155{\&}h=1BiTJjs9jmwBkll{\%}2BANPJLtWzxnb{\%}2B1orvq{\%}2BcNfnijraDUh{\%}2BE14uMlOa1eE3uSfi{\%}2FQ1eiHbizKSMhhN7RsXZYExQ{\%}3D{\%}3D{\&}crl=c}
}

@article{Fu2011,
    title = {On the warming in the tropical upper troposphere: Models versus observations},
    year = {2011},
    journal = {Geophysical Research Letters},
    author = {Fu, Qiang and Manabe, Syukuro and Johanson, Celeste M.},
    doi = {10.1029/2011GL048101},
    number = {15},
    month = {8},
    pages = {n/a-n/a},
    volume = {38},
    url = {http://doi.wiley.com/10.1029/2011GL048101}
}

@article{Raymond1995,
    title = {Regulation of Moist Convection over the West Pacific Warm Pool},
    year = {1995},
    journal = {Journal of the Atmospheric Sciences},
    author = {Raymond, David J.},
    doi = {10.1175/1520-0469(1995)052<3945:ROMCOT>2.0.CO;2},
    number = {22},
    month = {11},
    pages = {3945--3959},
    volume = {52},
    url = {http://journals.ametsoc.org.ezproxy.lib.monash.edu.au/doi/abs/10.1175/1520-0469(1995)052<3945:ROMCOT>2.0.CO;2}
}

@article{Raymond2005,
    title = {Modelling tropical atmospheric convection in the context of the weak temperature gradient approximation},
    year = {2005},
    journal = {Quarterly Journal of the Royal Meteorological Society},
    author = {Raymond, David J. and Zeng, Xiping},
    doi = {10.1256/qj.03.97},
    number = {608},
    month = {4},
    pages = {1301--1320},
    volume = {131},
    url = {http://doi.wiley.com/10.1256/qj.03.97}
}

@article{Sessions2010,
    title = {Multiple equilibria in a cloud-resolving model using the weak temperature gradient approximation},
    year = {2010},
    journal = {Journal of Geophysical Research},
    author = {Sessions, Sharon L. and Sugaya, Satomi and Raymond, David J. and Sobel, Adam H.},
    doi = {10.1029/2009JD013376},
    number = {D12},
    month = {6},
    pages = {D12110},
    volume = {115},
    url = {http://doi.wiley.com/10.1029/2009JD013376}
}

@article{Raymond2000,
    title = {Instability and large-scale circulations in a two-column model of the tropical troposphere},
    year = {2000},
    journal = {Quarterly Journal of the Royal Meteorological Society},
    author = {Raymond, David J. and Zeng, X.},
    doi = {10.1002/qj.49712657007},
    number = {570},
    month = {10},
    pages = {3117--3135},
    volume = {126},
    url = {http://doi.wiley.com/10.1002/qj.49712657007}
}

@misc{Donohoe,
    title = {The seasonal cycle of atmospheric heating and temperature},
    author = {Donohoe, Aaron. and Battisti, David S.},
    url = {http://www.atmos.washington.edu/{$\sim$}aaron/nobackup/papers/seasonal{\_}heating.pdf}
}

@article{Nie2010,
    title = {Observational Evaluation of a Convective Quasi-Equilibrium View of Monsoons},
    year = {2010},
    journal = {Journal of Climate},
    author = {Nie, Ji and Boos, William R. and Kuang, Zhiming},
    doi = {10.1175/2010JCLI3505.1},
    number = {16},
    month = {8},
    pages = {4416--4428},
    volume = {23},
    url = {http://journals.ametsoc.org.ezproxy.lib.monash.edu.au/doi/abs/10.1175/2010JCLI3505.1}
}

@article{Emanuel1999,
    title = {Development and Evaluation of a Convection Scheme for Use in Climate Models},
    year = {1999},
    journal = {Journal of the Atmospheric Sciences},
    author = {Emanuel, Kerry A. and {\v{Z}}ivković-Rothman, Marina},
    doi = {10.1175/1520-0469(1999)056<1766:DAEOAC>2.0.CO;2},
    number = {11},
    month = {6},
    pages = {1766--1782},
    volume = {56},
    url = {http://journals.ametsoc.org.ezproxy.lib.monash.edu.au/doi/abs/10.1175/1520-0469(1999)056<1766:DAEOAC>2.0.CO;2}
}

@article{Emanuel2010,
    title = {MIT Single ‐ Column Model},
    year = {2010},
    author = {Emanuel, Kerry A.},
    number = {March},
    pages = {1--6}
}

@article{Renno1994a,
    title = {Radiative-convective model with an explicit hydrologic cycle: 1. Formulation and sensitivity to model parameters},
    year = {1994},
    journal = {Journal of Geophysical Research},
    author = {Renn{\'{o}}, Nilton O. and Emanuel, Kerry A. and Stone, Peter H.},
    doi = {10.1029/94JD00020},
    number = {D7},
    pages = {14429},
    volume = {99},
    url = {http://doi.wiley.com/10.1029/94JD00020}
}

@article{Renno1994,
    title = {Radiative-convective model with an explicit hydrologic cycle: 2. Sensitivity to large changes in solar forcing},
    year = {1994},
    journal = {Journal of Geophysical Research},
    author = {Renn{\'{o}}, Nilton O. and Stone, Peter H. and Emanuel, Kerry A.},
    doi = {10.1029/94JD01332},
    number = {D8},
    pages = {17001},
    volume = {99},
    url = {http://doi.wiley.com/10.1029/94JD01332}
}

@article{Sun2013,
    title = {Climate variability attributable to terrestrial and oceanic forcing in the NCAR CAM3-CLM3 Models},
    year = {2013},
    journal = {Climate Dynamics},
    author = {Sun, Shanshan and Wang, Guiling},
    doi = {10.1007/s00382-013-1913-7},
    number = {7-8},
    month = {8},
    pages = {2067--2078},
    volume = {42},
    url = {http://link.springer.com/10.1007/s00382-013-1913-7}
}

@article{Pointin1984,
    title = {Wet Equivalent Potential Temperature and Enthalpy as Prognostic Variables in Cloud Modeling},
    year = {1984},
    journal = {Journal of the Atmospheric Sciences},
    author = {Pointin, Y.},
    doi = {10.1175/1520-0469(1984)041<0651:WEPTAE>2.0.CO;2},
    number = {4},
    month = {2},
    pages = {651--660},
    volume = {41},
    url = {http://journals.ametsoc.org.ezproxy.lib.monash.edu.au/doi/abs/10.1175/1520-0469(1984)041<0651:WEPTAE>2.0.CO;2}
}

@book{Holton2013,
    title = {An Introduction to Dynamic Meteorology},
    year = {2013},
    author = {Holton, James R.},
    doi = {10.1016/B978-0-12-384866-6.00013-1},
    pages = {453--490},
    volume = {12}
}

@misc{Emanuel2005,
    title = {Two-Dimensional Model for Tropical Meteorology Class.},
    year = {2005},
    author = {Emanuel, Kerry A.},
    number = {February}
}

@article{Titchner2014,
    title = {The Met Office Hadley Centre sea ice and sea surface temperature data set, version 2: 1. Sea ice concentrations},
    year = {2014},
    journal = {Journal of Geophysical Research: Atmospheres},
    author = {Titchner, Holly A. and Rayner, Nick A.},
    doi = {10.1002/2013JD020316},
    number = {6},
    month = {3},
    pages = {n/a-n/a},
    volume = {119},
    url = {http://doi.wiley.com/10.1002/2013JD020316}
}

@article{Banholzer2014,
    title = {The influence of different El Ni{\~{n}}o types on global average temperature},
    year = {2014},
    journal = {Geophysical Research Letters},
    author = {Banholzer, Sandra and Donner, Simon},
    doi = {10.1002/2014GL059520},
    number = {6},
    month = {2},
    pages = {n/a-n/a},
    volume = {41},
    url = {http://doi.wiley.com/10.1002/2014GL059520}
}

@article{Emanuel2014,
    title = {Radiative-convective instability},
    year = {2014},
    journal = {Journal of Advances in Modeling Earth Systems},
    author = {Emanuel, Kerry A. and Wing, Allison A. and Vincent, Emmanuel M.},
    doi = {10.1002/2013MS000270},
    number = {1},
    month = {3},
    pages = {n/a-n/a},
    volume = {6},
    url = {http://doi.wiley.com/10.1002/2013MS000270}
}

@article{Simmons2010a,
    title = {Low-frequency variations in surface atmospheric humidity, temperature, and precipitation: Inferences from reanalyses and monthly gridded observational data sets},
    year = {2010},
    journal = {Journal of Geophysical Research},
    author = {Simmons, A. J. and Willett, K. M. and Jones, P. D. and Thorne, P. W. and Dee, D. P.},
    doi = {10.1029/2009JD012442},
    number = {D1},
    month = {1},
    pages = {D01110},
    volume = {115},
    url = {http://doi.wiley.com/10.1029/2009JD012442}
}

@article{Davis2014,
    title = {Observations of Temperature in the Upper Troposphere and Lower Stratosphere of Tropical Weather Disturbances},
    year = {2014},
    journal = {Journal of the Atmospheric Sciences},
    author = {Davis, Christopher A. and Ahijevych, David A. and Haggerty, Julie A. and Mahoney, Michael J.},
    doi = {10.1175/JAS-D-13-0278.1},
    month = {1},
    pages = {140120153647001},
    url = {http://journals.ametsoc.org/doi/abs/10.1175/JAS-D-13-0278.1}
}

@article{Ding2014,
    title = {Tropical forcing of the recent rapid Arctic warming in northeastern Canada and Greenland},
    year = {2014},
    journal = {Nature},
    author = {Ding, Qinghua and Wallace, John M. and Battisti, David S. and Steig, Eric J. and Gallant, Ailie J. E. and Kim, Hyung-Jin and Geng, Lei},
    doi = {10.1038/nature13260},
    number = {7499},
    month = {5},
    pages = {209--212},
    volume = {509},
    publisher = {Nature Publishing Group},
    url = {http://www.nature.com.ezproxy.lib.monash.edu.au/nature/journal/v509/n7499/full/nature13260.html}
}

@article{Lintner2013,
    title = {An Idealized Prototype for Large-Scale Land–Atmosphere Coupling},
    year = {2013},
    journal = {Journal of Climate},
    author = {Lintner, Benjamin R. and Gentine, Pierre and Findell, Kirsten L. and D’Andrea, Fabio and Sobel, Adam H. and Salvucci, Guido D.},
    doi = {10.1175/JCLI-D-11-00561.1},
    number = {7},
    month = {4},
    pages = {2379--2389},
    volume = {26},
    url = {http://journals.ametsoc.org.ezproxy.lib.monash.edu.au/doi/abs/10.1175/JCLI-D-11-00561.1}
}

@article{Krishnan2010,
    title = {The crucial role of ocean–atmosphere coupling on the Indian monsoon anomalous response during dipole events},
    year = {2010},
    journal = {Climate Dynamics},
    author = {Krishnan, R. and Sundaram, Suchithra and Swapna, P. and Kumar, Vinay and Ayantika, D. C. and Mujumdar, M.},
    doi = {10.1007/s00382-010-0830-2},
    number = {1-2},
    month = {5},
    pages = {1--17},
    volume = {37},
    url = {http://link.springer.com/10.1007/s00382-010-0830-2}
}

@article{Hasselmann1976,
    title = {Stochastic climate models Part I. Theory},
    year = {1976},
    journal = {Tellus},
    author = {Hasselmann, K.},
    doi = {10.1111/j.2153-3490.1976.tb00696.x},
    number = {6},
    month = {12},
    pages = {473--485},
    volume = {28},
    url = {http://tellusa.net/index.php/tellusa/article/view/11316}
}

@article{Bretherton2000,
    title = {An interpretation of the results from atmospheric general circulation models forced by the time history of the observed sea surface temperature distribution},
    year = {2000},
    journal = {Geophysical Research Letters},
    author = {Bretherton, C. S. and Battisti, David S.},
    doi = {10.1029/1999GL010910},
    number = {6},
    month = {3},
    pages = {767--770},
    volume = {27},
    url = {http://doi.wiley.com/10.1029/1999GL010910}
}

@article{Wang2014,
    title = {An evaluation of the CMIP3 and CMIP5 simulations in their skill of simulating the spatial structure of SST variability},
    year = {2014},
    journal = {Climate Dynamics},
    author = {Wang, Gang and Dommenget, Dietmar and Frauen, Claudia},
    doi = {10.1007/s00382-014-2154-0},
    month = {5},
    url = {http://link.springer.com/10.1007/s00382-014-2154-0}
}

@article{Dommenget2014,
    title = {Analysis of the Slab Ocean El Nino atmospheric feedbacks in observed and simulated ENSO dynamics},
    year = {2014},
    journal = {Climate Dynamics},
    author = {Dommenget, Dietmar and Haase, Sabine and Bayr, Tobias and Frauen, Claudia},
    doi = {10.1007/s00382-014-2057-0},
    number = {11-12},
    month = {2},
    pages = {3187--3205},
    volume = {42},
    url = {http://link.springer.com/article/10.1007/s00382-014-2057-0/fulltext.html?wt{\_}mc=alerts:TOCjournals}
}

@article{Kumar2013,
    title = {Attribution of SST variability in global oceans and the role of ENSO},
    year = {2013},
    journal = {Climate Dynamics},
    author = {Kumar, Arun and Jha, Bhaskar and Wang, Hui},
    doi = {10.1007/s00382-013-1865-y},
    number = {1-2},
    month = {7},
    pages = {209--220},
    volume = {43},
    url = {http://link.springer.com/article/10.1007/s00382-013-1865-y/fulltext.html?wt{\_}mc=alerts:TOCjournals}
}

@article{Xiang2013,
    title = {Upper tropospheric warming intensifies sea surface warming},
    year = {2013},
    journal = {Climate Dynamics},
    author = {Xiang, Baoqiang and Wang, Bin and Lauer, Axel and Lee, June-Yi and Ding, Qinghua},
    doi = {10.1007/s00382-013-1928-0},
    number = {1-2},
    month = {8},
    pages = {259--270},
    volume = {43},
    url = {http://link.springer.com/article/10.1007/s00382-013-1928-0/fulltext.html?wt{\_}mc=alerts:TOCjournals}
}

@article{Chiang2002,
    title = {Tropical Tropospheric Temperature Variations Caused by ENSO and Their Influence on the Remote Tropical Climate*},
    year = {2002},
    journal = {Journal of Climate},
    author = {Chiang, John C. H. and Sobel, Adam H.},
    doi = {10.1175/1520-0442(2002)015<2616:TTTVCB>2.0.CO;2},
    number = {18},
    month = {9},
    pages = {2616--2631},
    volume = {15},
    publisher = {American Meteorological Society},
    url = {http://journals.ametsoc.org/doi/abs/10.1175/1520-0442(2002)015<2616:TTTVCB>2.0.CO;2}
}

@article{Lau1996,
    title = {The Role of the “Atmospheric Bridge” in Linking Tropical Pacific ENSO Events to Extratropical SST Anomalies},
    year = {1996},
    journal = {Journal of Climate},
    author = {Lau, Ngar-Cheung and Nath, Mary Jo},
    doi = {10.1175/1520-0442(1996)009<2036:TROTBI>2.0.CO;2},
    number = {9},
    month = {9},
    pages = {2036--2057},
    volume = {9},
    publisher = {American Meteorological Society},
    url = {http://journals.ametsoc.org/doi/abs/10.1175/1520-0442(1996)009<2036:TROTBI>2.0.CO;2}
}

@article{Popke2013,
    title = {Climate and climate change in a radiative-convective equilibrium version of ECHAM6},
    year = {2013},
    journal = {Journal of Advances in Modeling Earth Systems},
    author = {Popke, D. and Stevens, B. and Voigt, A.},
    doi = {10.1029/2012MS000191},
    number = {1},
    month = {3},
    pages = {1--14},
    volume = {5},
    url = {http://doi.wiley.com/10.1029/2012MS000191}
}

@article{Anber2014,
    title = {Response of Atmospheric Convection to Vertical Wind Shear: Cloud-System-Resolving Simulations with Parameterized Large-Scale Circulation. Part I: Specified Radiative Cooling},
    year = {2014},
    journal = {Journal of the Atmospheric Sciences},
    author = {Anber, Usama and Wang, Shuguang and Sobel, Adam H.},
    doi = {10.1175/JAS-D-13-0320.1},
    number = {8},
    month = {8},
    pages = {2976--2993},
    volume = {71},
    url = {http://journals.ametsoc.org/doi/abs/10.1175/JAS-D-13-0320.1}
}

@article{Cronin2014,
    title = {On the Choice of Average Solar Zenith Angle},
    year = {2014},
    journal = {Journal of the Atmospheric Sciences},
    author = {Cronin, Timothy W.},
    doi = {10.1175/JAS-D-13-0392.1},
    number = {8},
    month = {8},
    pages = {2994--3003},
    volume = {71},
    url = {http://journals.ametsoc.org.ezproxy.lib.monash.edu.au/doi/abs/10.1175/JAS-D-13-0392.1}
}

@article{Barsugli2005,
    title = {Tropical Climate Regimes and Global Climate Sensitivity in a Simple Setting},
    year = {2005},
    journal = {Journal of the Atmospheric Sciences},
    author = {Barsugli, Joseph and Shin, Sang-Ik and Sardeshmukh, Prashant D.},
    doi = {10.1175/JAS3404.1},
    number = {4},
    month = {4},
    pages = {1226--1240},
    volume = {62},
    url = {http://journals.ametsoc.org.ezproxy.lib.monash.edu.au/doi/abs/10.1175/JAS3404.1}
}

@article{Frauen2014,
    title = {Analysis of the Nonlinearity of El Ni{\~{n}}o–Southern Oscillation Teleconnections*},
    year = {2014},
    author = {Frauen, Claudia and Dommenget, Dietmar and Tyrrell, Nicholas L. and Rezny, Michael and Wales, Scott},
    month = {8},
    url = {http://journals.ametsoc.org/doi/abs/10.1175/JCLI-D-13-00757.1}
}

@article{Of2006,
    title = {A Tropical and Subtropical Land–Sea–Atmosphere Drought Oscillation Mechanism},
    year = {2006},
    author = {Of, Journal and Atmospheric, T H E},
    doi = {10.1175/2007JAS2186.1},
    pages = {4458--4467}
}

@article{Booth2014,
    title = {Effective stability in a moist baroclinic wave},
    year = {2014},
    journal = {Atmospheric Science Letters},
    author = {Booth, James F. and Polvani, Lorenzo and O'Gorman, Paul A. and Wang, Shuguang},
    doi = {10.1002/asl2.520},
    month = {8},
    pages = {n/a-n/a},
    url = {http://doi.wiley.com/10.1002/asl2.520}
}

@misc{Wallace1995a,
    title = {Interpretation of Trends in Northern Hemisphere Surface Air Temperature},
    year = {1995},
    author = {Wallace, John M. and Zhang, Yuan and Bajuk, Louis}
}

@article{Raymond2000a,
    title = {Instability and large-scale circulations in a two-column model of the tropical troposphere},
    year = {2000},
    journal = {Quarterly Journal of the Royal Meteorological Society},
    author = {Raymond, David J. and Zeng, Xiping},
    pages = {3117--3135}
}

@article{Byrne2013c,
    title = {Link between land-ocean warming contrast and surface relative humidities in simulations with coupled climate models - Supporting Material},
    year = {2013},
    journal = {Geophys. Res. Lett},
    author = {Byrne, Michael P and O'Gorman, Paul A.},
    doi = {10.1002/grl.50971},
    number = {August},
    pages = {5223--5227},
    volume = {40}
}

@article{Emanuel2013,
    title = {Response of tropical sea surface temperature, precipitation, and tropical cyclone-related variables to changes in global and local forcing},
    year = {2013},
    journal = {Journal of Advances in Modeling Earth Systems},
    author = {Emanuel, Kerry A. and Sobel, Adam H.},
    doi = {10.1002/jame.20032},
    number = {April},
    pages = {447--458},
    volume = {5}
}

@article{Varotsos2013a,
    title = {Plausible reasons for the inconsistencies between the modeled and observed temperatures in the tropical troposphere},
    year = {2013},
    journal = {Geophysical Research Letters},
    author = {Varotsos, Costas a. and Efstathiou, Maria N. and Cracknell, Arthur P.},
    doi = {10.1002/grl.50646},
    number = {April},
    pages = {4906--4910},
    volume = {40}
}

@article{Lintner2012a,
    title = {Implementation of the Quasi‐equilibrium Tropical Circulation Model 2 (QTCM2): Global simulations and convection sensitivity to free tropospheric moisture},
    year = {2012},
    journal = {Journal of Advances …},
    author = {Lintner, Benjamin R. and Bellon, Gilles and Sobel, Adam H. and Kim, Daehyun and Neelin, J. David},
    number = {732},
    url = {http://onlinelibrary.wiley.com/doi/10.1029/2012MS000174/full}
}

@article{Hasselmann1976a,
    title = {Modal Coupling in Lightly Damped Structures},
    year = {1976},
    journal = {AIAA Journa;},
    author = {Hasselmann, K.},
    number = {11},
    pages = {1975--1976},
    volume = {14}
}

@article{Mayer2014b,
    title = {On the Energy Exchange between Tropical Ocean Basins Related to ENSO*},
    year = {2014},
    journal = {Journal of Climate},
    author = {Mayer, Michael and Haimberger, Leopold and Balmaseda, Magdalena A.},
    doi = {10.1175/JCLI-D-14-00123.1},
    number = {17},
    month = {9},
    pages = {6393--6403},
    volume = {27},
    url = {http://journals.ametsoc.org/doi/full/10.1175/JCLI-D-14-00123.1{\#}n101}
}

@article{Mayer2014a,
    title = {On the energy exchange between tropical ocean basins related to ENSO},
    year = {2014},
    journal = {Journal of Climate},
    author = {Mayer, Michael and Haimberger, Leopold and Balmaseda, Magdalena a.},
    doi = {10.1175/JCLI-D-14-00123.1},
    pages = {140522122714003}
}

@article{Byrne2013b,
    title = {Link between land-ocean warming contrast and surface relative humidities in simulations with coupled climate models},
    year = {2013},
    journal = {Geophysical Research Letters},
    author = {Byrne, Michael P. and O'Gorman, Paul a.},
    doi = {10.1002/grl.50971},
    pages = {5223--5227},
    volume = {40}
}

@article{Izumi2014,
    title = {Energy-balance mechanisms underlying consistent large-scale temperature responses in warm and cold climates},
    year = {2014},
    journal = {Climate Dynamics},
    author = {Izumi, Kenji and Bartlein, Patrick J. and Harrison, Sandy P.},
    doi = {10.1007/s00382-014-2189-2},
    month = {6},
    url = {http://link.springer.com/10.1007/s00382-014-2189-2}
}

@article{Lambert2014,
    title = {Regional variation of the tropical water vapor and lapse rate feedbacks},
    year = {2014},
    journal = {Geophysical Research Letters},
    author = {Lambert, F. Hugo and Taylor, Patrick C.},
    doi = {10.1002/2014GL061987},
    month = {10},
    pages = {n/a-n/a},
    url = {http://doi.wiley.com/10.1002/2014GL061987}
}

@article{Geoffroy2014,
    title = {Pattern decomposition of the transient climate response},
    year = {2014},
    journal = {Tellus A},
    author = {Geoffroy, OLIVIER and Saint-Martin, DAVID},
    doi = {10.3402/tellusa.v66.23393},
    month = {3},
    volume = {66},
    url = {http://www.tellusa.net/index.php/tellusa/article/view/23393/32828}
}

@article{Kamae2014,
    title = {Summertime land–sea thermal contrast and atmospheric circulation over East Asia in a warming climate—Part II: Importance of CO2-induced continental warming},
    year = {2014},
    journal = {Climate Dynamics},
    author = {Kamae, Youichi and Watanabe, Masahiro and Kimoto, Masahide and Shiogama, Hideo},
    doi = {10.1007/s00382-014-2146-0},
    number = {9-10},
    month = {4},
    pages = {2569--2583},
    volume = {43},
    url = {http://link.springer.com/article/10.1007/s00382-014-2146-0/fulltext.html?wt{\_}mc=alerts:TOCjournals http://link.springer.com/10.1007/s00382-014-2146-0}
}

@article{Kamae2014a,
    title = {Summertime land–sea thermal contrast and atmospheric circulation over East Asia in a warming climate—Part I: Past changes and future projections},
    year = {2014},
    journal = {Climate Dynamics},
    author = {Kamae, Youichi and Watanabe, Masahiro and Kimoto, Masahide and Shiogama, Hideo},
    doi = {10.1007/s00382-014-2073-0},
    number = {9-10},
    month = {2},
    pages = {2553--2568},
    volume = {43},
    url = {http://link.springer.com/10.1007/s00382-014-2073-0 http://link.springer.com/article/10.1007/s00382-014-2073-0/fulltext.html?wt{\_}mc=alerts:TOCjournals}
}

@article{Kamae2012,
    title = {Tropospheric adjustment to increasing CO2: its timescale and the role of land–sea contrast},
    year = {2012},
    journal = {Climate Dynamics},
    author = {Kamae, Youichi and Watanabe, Masahiro},
    doi = {10.1007/s00382-012-1555-1},
    number = {11-12},
    month = {10},
    pages = {3007--3024},
    volume = {41},
    url = {http://link.springer.com/10.1007/s00382-012-1555-1 http://www.springerlink.com/index/10.1007/s00382-012-1555-1}
}

@article{Becker2014,
    title = {Climate and climate sensitivity to changing CO2 on an idealized land planet},
    year = {2014},
    journal = {Journal of Advances in Modeling Earth Systems},
    author = {Becker, Tobias and Stevens, Bjorn},
    doi = {10.1002/2014MS000369},
    month = {11},
    pages = {n/a-n/a},
    url = {http://doi.wiley.com/10.1002/2014MS000369}
}

@article{He2014,
    title = {Impact of land–sea thermal contrast on interdecadal variation in circulation and blocking},
    year = {2014},
    journal = {Climate Dynamics},
    author = {He, Yongli and Huang, Jianping and Ji, Mingxia},
    doi = {10.1007/s00382-014-2103-y},
    month = {3},
    url = {http://link.springer.com/article/10.1007/s00382-014-2103-y/fulltext.html?wt{\_}mc=alerts:TOCjournals}
}

@article{Merlis2014,
    title = {Interacting components of the top-of-atmosphere energy balance affect changes in regional surface temperature},
    year = {2014},
    journal = {Geophysical Research Letters},
    author = {Merlis, Timothy M.},
    doi = {10.1002/2014GL061700},
    number = {20},
    month = {10},
    pages = {n/a-n/a},
    volume = {41},
    url = {http://doi.wiley.com/10.1002/2014GL061700}
}

@article{Su2014,
    title = {Abrupt termination of the 2012 Pacific warming and its implication on ENSO prediction},
    year = {2014},
    journal = {Geophysical Research Letters},
    author = {Su, Jingzhi and Xiang, Baoqiang and Wang, Bin and Li, Tim},
    doi = {10.1002/2014GL062380},
    month = {11},
    pages = {n/a-n/a},
    url = {http://doi.wiley.com/10.1002/2014GL062380}
}

@article{Yeh2009,
    title = {El Ni{\~{n}}o in a changing climate.},
    year = {2009},
    journal = {Nature},
    author = {Yeh, Sang-Wook and Kug, Jong-Seong and Dewitte, Boris and Kwon, Min-Ho and Kirtman, Ben P and Jin, Fei-Fei},
    doi = {10.1038/nature08316},
    number = {7263},
    month = {9},
    pages = {511--4},
    volume = {461},
    publisher = {Nature Publishing Group},
    url = {http://www.nature.com.ezproxy.lib.monash.edu.au/nature/journal/v461/n7263/abs/nature08316.html}
}

@article{Joshi2009,
    title = {Could El Ni{\~{n}}o Southern Oscillation affect the results of the Ashes series in Australia?},
    year = {2009},
    journal = {Weather},
    author = {Joshi, Manoj},
    doi = {10.1002/wea.403},
    number = {7},
    month = {7},
    pages = {178--180},
    volume = {64},
    url = {http://doi.wiley.com/10.1002/wea.403}
}

@article{Yin2014,
    title = {The Contribution of Reduction in Evaporative Cooling to Higher Surface air Temperatures During Drought},
    year = {2014},
    journal = {Geophysical Research Letters},
    author = {Yin, Dongqin and Roderick, Michael L. and Leech, Guy and Sun, Fubao and Huang, Yuefei},
    doi = {10.1002/2014GL062039},
    month = {10},
    pages = {n/a-n/a},
    url = {http://doi.wiley.com/10.1002/2014GL062039}
}

@article{Ambaum2010,
    title = {Significance Tests in Climate Science},
    year = {2010},
    journal = {Journal of Climate},
    author = {Ambaum, Maarten H. P.},
    doi = {10.1175/2010JCLI3746.1},
    number = {22},
    month = {11},
    pages = {5927--5932},
    volume = {23},
    url = {http://journals.ametsoc.org/doi/abs/10.1175/2010JCLI3746.1}
}

@article{VonStorch2012,
    title = {Testing ensembles of climate change scenarios for “statistical significance”},
    year = {2012},
    journal = {Climatic Change},
    author = {von Storch, Hans and Zwiers, Francis},
    doi = {10.1007/s10584-012-0551-0},
    number = {1-2},
    month = {8},
    pages = {1--9},
    volume = {117},
    url = {http://link.springer.com/10.1007/s10584-012-0551-0}
}

@article{Anderson2015,
    title = {Sensitivity of terrestrial precipitation trends to the structural evolution of sea-surface temperatures},
    year = {2015},
    journal = {Geophysical Research Letters},
    author = {Anderson, Bruce T. and Lintner, Benjamin R. and Langenbrunner, Baird and Neelin, J. David and Hawkins, Ed and Syktus, Jozef},
    doi = {10.1002/2014GL062593},
    month = {1},
    pages = {n/a-n/a},
    url = {http://doi.wiley.com/10.1002/2014GL062593}
}

@article{Cai2015,
    title = {Increased frequency of extreme La Ni{\~{n}}a events under greenhouse warming},
    year = {2015},
    journal = {Nature Climate Change},
    author = {Cai, Wenju and Wang, Guojian and Santoso, Agus and McPhaden, Michael J. and Wu, Lixin and Jin, Fei-Fei and Timmermann, Axel and Collins, Mat and Vecchi, Gabriel and Lengaigne, Matthieu and England, Matthew H. and Dommenget, Dietmar and Takahashi, Ken and Guilyardi, Eric},
    doi = {10.1038/nclimate2492},
    month = {1},
    volume = {advance on},
    publisher = {Nature Publishing Group},
    url = {http://dx.doi.org/10.1038/nclimate2492}
}

@article{Roe2015,
    title = {The remote impacts of climate feedbacks on regional climate predictability},
    year = {2015},
    journal = {Nature Geoscience},
    author = {Roe, Gerard H. and Feldl, Nicole and Armour, Kyle C. and Hwang, Yen-Ting and Frierson, Dargan M. W.},
    doi = {10.1038/ngeo2346},
    number = {2},
    month = {1},
    pages = {135--139},
    volume = {8},
    publisher = {Nature Publishing Group},
    url = {http://www.nature.com/ngeo/journal/v8/n2/full/ngeo2346.html?WT.ec{\_}id=NGEO-201502}
}

@article{Voigt2015,
    title = {Circulation response to warming shaped by radiative changes of clouds and water vapour},
    year = {2015},
    journal = {Nature Geoscience},
    author = {Voigt, Aiko and Shaw, Tiffany A.},
    doi = {10.1038/ngeo2345},
    number = {2},
    month = {1},
    pages = {102--106},
    volume = {8},
    publisher = {Nature Publishing Group},
    url = {http://www.nature.com/ngeo/journal/v8/n2/full/ngeo2345.html?WT.ec{\_}id=NGEO-201502}
}

@article{Yamazaki2014,
    title = {Effects of extratropical warming on ENSO amplitudes in an ensemble of a coupled GCM},
    year = {2014},
    journal = {Climate Dynamics},
    author = {Yamazaki, Kuniko and Watanabe, Masahiro},
    doi = {10.1007/s00382-014-2145-1},
    number = {3-4},
    month = {5},
    pages = {679--693},
    volume = {44},
    url = {http://link.springer.com/article/10.1007/s00382-014-2145-1/fulltext.html?wt{\_}mc=alerts.TOCjournals}
}

@article{Tyrrell2014,
    title = {The influence of global sea surface temperature variability on the large-scale land surface temperature},
    year = {2014},
    journal = {Climate Dynamics},
    author = {Tyrrell, Nicholas L. and Dommenget, Dietmar and Frauen, Claudia and Wales, Scott and Rezny, Mike},
    doi = {10.1007/s00382-014-2332-0},
    number = {7-8},
    month = {10},
    pages = {2159--2176},
    volume = {44},
    url = {http://link.springer.com/10.1007/s00382-014-2332-0}
}

@article{Alexander2009,
    title = {Influence of sea surface temperature variability on global temperature and precipitation extremes},
    year = {2009},
    journal = {Journal of Geophysical Research},
    author = {Alexander, Lisa V. and Uotila, Petteri and Nicholls, Neville},
    doi = {10.1029/2009JD012301},
    number = {D18},
    month = {9},
    pages = {D18116},
    volume = {114},
    url = {http://doi.wiley.com/10.1029/2009JD012301}
}

@article{Mayer2014,
    title = {On the Energy Exchange between Tropical Ocean Basins Related to ENSO*},
    year = {2014},
    journal = {Journal of Climate},
    author = {Mayer, Michael and Haimberger, Leopold and Balmaseda, Magdalena A.},
    doi = {10.1175/JCLI-D-14-00123.1},
    number = {17},
    month = {9},
    pages = {6393--6403},
    volume = {27},
    url = {http://journals.ametsoc.org/doi/abs/10.1175/JCLI-D-14-00123.1}
}

@article{Mayer2013,
    title = {The Response of Tropical Atmospheric Energy Budgets to ENSO*},
    year = {2013},
    journal = {Journal of Climate},
    author = {Mayer, Michael and Trenberth, Kevin E. and Haimberger, Leopold and Fasullo, John T.},
    doi = {10.1175/JCLI-D-12-00681.1},
    number = {13},
    month = {7},
    pages = {4710--4724},
    volume = {26},
    url = {http://journals.ametsoc.org/doi/abs/10.1175/JCLI-D-12-00681.1}
}

@article{Dommenget2015,
    title = {A simple model perturbed physics study of the simulated climate sensitivity uncertainty and its relation to control climate biases},
    year = {2015},
    journal = {Climate Dynamics},
    author = {Dommenget, Dietmar},
    doi = {10.1007/s00382-015-2591-4},
    month = {4},
    url = {http://link.springer.com/10.1007/s00382-015-2591-4}
}

@article{Geoffroy2015,
    title = {Land-sea warming contrast: the role of the horizontal energy transport},
    year = {2015},
    journal = {Climate Dynamics},
    author = {Geoffroy, Olivier and Saint-Martin, David and Voldoire, Aurore},
    doi = {10.1007/s00382-015-2552-y},
    month = {3},
    url = {http://link.springer.com/10.1007/s00382-015-2552-y}
}

@article{Sejas2014,
    title = {Feedback attribution of the land-sea warming contrast in a global warming simulation of the NCAR CCSM4},
    year = {2014},
    journal = {Environmental Research Letters},
    author = {Sejas, Sergio A and Albert, Oriene S and Cai, Ming and Deng, Yi},
    doi = {10.1088/1748-9326/9/12/124005},
    number = {12},
    month = {12},
    pages = {124005},
    volume = {9},
    url = {http://stacks.iop.org/1748-9326/9/i=12/a=124005}
}

@article{Lin2015,
    title = {Is the Tropical Atmosphere in Convective Quasi-Equilibrium?},
    year = {2015},
    journal = {Journal of Climate},
    author = {Lin, Jia-Lin and Qian, Taotao and Shinoda, Toshiaki and Li, Shuanglin},
    doi = {10.1175/JCLI-D-14-00681.1},
    number = {11},
    month = {6},
    pages = {4357--4372},
    volume = {28},
    url = {http://journals.ametsoc.org/doi/full/10.1175/JCLI-D-14-00681.1}
}

@article{Turco2015,
    title = {Observed climate change hot-spots},
    year = {2015},
    journal = {Geophysical Research Letters},
    author = {Turco, M. and Palazzi, E. and von Hardenberg, J. and Provenzale, A.},
    doi = {10.1002/2015GL063891},
    number = {9},
    month = {4},
    pages = {n/a-n/a},
    volume = {42},
    url = {http://doi.wiley.com/10.1002/2015GL063891}
}

@article{Quadrelli2004,
    title = {A Simplified Linear Framework for Interpreting Patterns of Northern Hemisphere Wintertime Climate Variability},
    year = {2004},
    journal = {Journal of Climate},
    author = {Quadrelli, Roberta and Wallace, John M.},
    doi = {10.1175/1520-0442(2004)017<3728:ASLFFI>2.0.CO;2},
    number = {19},
    month = {10},
    pages = {3728--3744},
    volume = {17},
    url = {http://journals.ametsoc.org/doi/abs/10.1175/1520-0442(2004)017{\%}3C3728{\%}3AASLFFI{\%}3E2.0.CO{\%}3B2}
}

@article{Rochetin2014,
    title = {Radiative–Convective Equilibrium over a Land Surface},
    year = {2014},
    journal = {Journal of Climate},
    author = {Rochetin, Nicolas and Lintner, Benjamin R. and Findell, Kirsten L. and Sobel, Adam H. and Gentine, Pierre},
    doi = {10.1175/JCLI-D-13-00654.1},
    number = {23},
    month = {12},
    pages = {8611--8629},
    volume = {27},
    url = {http://journals.ametsoc.org/doi/abs/10.1175/JCLI-D-13-00654.1}
}

@article{Stevens2015,
    title = {Rethinking the lower bound on aerosol radiative forcing},
    year = {2015},
    journal = {Journal of Climate},
    author = {Stevens, Bjorn},
    doi = {10.1175/JCLI-D-14-00656.1},
    month = {3},
    pages = {150319112745003},
    url = {http://journals.ametsoc.org/doi/full/10.1175/JCLI-D-14-00656.1}
}

@article{Sanderson2015,
    title = {A Representative Democracy to reduce interdependency in a multi-model ensemble},
    year = {2015},
    journal = {Journal of Climate},
    author = {Sanderson, Benjamin M. and Knutti, Reto and Caldwell, Peter},
    doi = {10.1175/JCLI-D-14-00362.1},
    month = {3},
    pages = {150330095237008},
    url = {http://journals.ametsoc.org/doi/abs/10.1175/JCLI-D-14-00362.1}
}

@article{Wu2001,
    title = {Thermally Driven Tropical Circulations under Rayleigh Friction and Newtonian Cooling: Analytic Solutions*},
    year = {2001},
    journal = {Journal of the Atmospheric Sciences},
    author = {Wu, Zhaohua and Sarachik, E. S. and Battisti, David S.},
    doi = {10.1175/1520-0469(2001)058<0724:TDTCUR>2.0.CO;2},
    number = {7},
    month = {4},
    pages = {724--741},
    volume = {58},
    url = {http://journals.ametsoc.org.ezproxy.lib.monash.edu.au/doi/abs/10.1175/1520-0469(2001)058{\%}3C0724{\%}3ATDTCUR{\%}3E2.0.CO{\%}3B2}
}

@article{Charney1963,
    title = {A Note on Large-Scale Motions in the Tropics},
    year = {1963},
    journal = {Journal of the Atmospheric Sciences},
    author = {Charney, Jule G.},
    doi = {10.1175/1520-0469(1963)020<0607:ANOLSM>2.0.CO;2},
    number = {6},
    month = {11},
    pages = {607--609},
    volume = {20},
    url = {http://journals.ametsoc.org.ezproxy.lib.monash.edu.au/doi/abs/10.1175/1520-0469(1963)020{\%}3C0607:ANOLSM{\%}3E2.0.CO{\%}3B2}
}

@article{Wang1993,
    title = {A Simple Tropical Atmosphere Model of Relevance to Short-Term Climate Variations},
    year = {1993},
    journal = {Journal of the Atmospheric Sciences},
    author = {Wang, Bin and Li, Tianming},
    doi = {10.1175/1520-0469(1993)050<0260:ASTAMO>2.0.CO;2},
    number = {2},
    month = {1},
    pages = {260--284},
    volume = {50},
    url = {http://journals.ametsoc.org.ezproxy.lib.monash.edu.au/doi/abs/10.1175/1520-0469(1993)050{\%}3C0260:ASTAMO{\%}3E2.0.CO;2}
}

@article{Shaevitz2004,
    title = {Implementing the Weak Temperature Gradient Approximation with Full Vertical Structure},
    year = {2004},
    journal = {Monthly Weather Review},
    author = {Shaevitz, Daniel A. and Sobel, Adam H.},
    doi = {10.1175/1520-0493(2004)132<0662:ITWTGA>2.0.CO;2},
    number = {2},
    month = {2},
    pages = {662--669},
    volume = {132},
    url = {http://journals.ametsoc.org.ezproxy.lib.monash.edu.au/doi/abs/10.1175/1520-0493(2004)132{\%}3C0662{\%}3AITWTGA{\%}3E2.0.CO{\%}3B2}
}

@article{Zhou2006,
    title = {Nonlinear shallow-water solutions using the weak temperature gradient approximation},
    year = {2006},
    journal = {Theoretical and Computational Fluid Dynamics},
    author = {Zhou, Bo and Sobel, Adam H.},
    doi = {10.1007/s00162-006-0028-8},
    number = {5-6},
    month = {8},
    pages = {469--484},
    volume = {20},
    url = {http://link.springer.com/10.1007/s00162-006-0028-8}
}

@article{Huntingford2000,
    title = {An analogue model to derive additional climate change scenarios from existing GCM simulations},
    year = {2000},
    journal = {Climate Dynamics},
    author = {Huntingford, C. and Cox, P. M.},
    doi = {10.1007/s003820000067},
    number = {8},
    month = {8},
    pages = {575--586},
    volume = {16},
    url = {http://link.springer.com/10.1007/s003820000067}
}

@article{Emanuel1991,
    title = {A Scheme for Representing Cumulus Convection in Large-Scale Models},
    year = {1991},
    journal = {Journal of the Atmospheric Sciences},
    author = {Emanuel, Kerry A.},
    doi = {10.1175/1520-0469(1991)048<2313:ASFRCC>2.0.CO;2},
    number = {21},
    month = {11},
    pages = {2313--2329},
    volume = {48},
    url = {http://journals.ametsoc.org.ezproxy.lib.monash.edu.au/doi/abs/10.1175/1520-0469(1991)048{\%}3C2313{\%}3AASFRCC{\%}3E2.0.CO{\%}3B2}
}

@article{Morcrete1991,
    title = {Radiation and cloud radiative properties in the European Centre for Medium Range Weather Forecasts Forecasting System},
    year = {1991},
    journal = {Journal of Geophysical Research: Atmospheres},
    author = {Morcrete, JJ.},
    number = {D5},
    pages = {91219132},
    volume = {96}
}

@article{Fouquart1980,
    title = {Computation of solar heating of the Earth's atmosphere: A new parameterization},
    year = {1980},
    journal = {Beitr. Phys. Atmos.},
    author = {Fouquart, Y. and Bonnel, B.},
    pages = {35--62},
    volume = {53}
}

@article{Bi2013,
    title = {The ACCESS coupled model: description, control climate and evaluation.},
    year = {2013},
    journal = {Aust. Met. Oceanog. J.},
    author = {Bi, Daohua and Dix, Martin and Marsland, Simon J. and O’Farrell, Siobhan and Rashid, Harun and Uotila, Petteri and Hirst, Anthony C. and Kowalczyk, Eva and Golebiewski, Maciej and Sullivan, Arnold and Yan, Hailin and Hanna, NIcholas and Franklin, Charmaine and Sun, Zhian and Vohralik, Peter and Watterson, Ian and Zhou, Xiaobing and Fiedler, Russell and Collier, Mark and Ma, Yimin and Noonan, Julie and Stevens, Lauren and Uhe, Peter and Zhu, Hongyan and Griffies, Stephen M. and Hill, Richard and Harris, Chris and Puri, Kamal},
    pages = {41--64},
    volume = {63},
    url = {http://www.bom.gov.au/amoj/docs/2013/bi1.pdf}
}

@article{Cook2015,
    title = {Detection and Analysis of an Amplified Warming of the Sahara Desert},
    year = {2015},
    journal = {Journal of Climate},
    author = {Cook, Kerry H. and Vizy, Edward K.},
    doi = {10.1175/JCLI-D-14-00230.1},
    month = {6},
    pages = {150619104958007},
    url = {http://journals.ametsoc.org.ezproxy.lib.monash.edu.au/doi/abs/10.1175/JCLI-D-14-00230.1}
}

@article{Hoskins1981,
    title = {The Steady Linear Response of a Spherical Atmosphere to Thermal and Orographic Forcing},
    year = {1981},
    journal = {Journal of the Atmospheric Sciences},
    author = {Hoskins, Brian J. and Karoly, David J.},
    doi = {10.1175/1520-0469(1981)038<1179:TSLROA>2.0.CO;2},
    number = {6},
    month = {6},
    pages = {1179--1196},
    volume = {38},
    url = {http://journals.ametsoc.org.ezproxy.lib.monash.edu.au/doi/abs/10.1175/1520-0469(1981)038{\%}3C1179:TSLROA{\%}3E2.0.CO;2}
}

@article{Li2015,
    title = {The influence of atmospheric cloud radiative effects on the large-scale atmospheric circulation},
    year = {2015},
    journal = {Journal of Climate},
    author = {Li, Ying and Thompson, David W. J. and Bony, Sandrine},
    doi = {10.1175/JCLI-D-14-00825.1},
    month = {6},
    pages = {150629111049006},
    url = {http://journals.ametsoc.org/doi/abs/10.1175/JCLI-D-14-00825.1}
}

@article{Fueglistaler2015,
    title = {The distribution of precipitation and the spread in tropical upper tropospheric temperature trends in CMIP5/AMIP simulations},
    year = {2015},
    journal = {Geophysical Research Letters},
    author = {Fueglistaler, S. and Radley, C. and Held, I. M.},
    doi = {10.1002/2015GL064966},
    number = {14},
    month = {7},
    pages = {6000--6007},
    volume = {42},
    url = {http://doi.wiley.com/10.1002/2015GL064966}
}

@article{Peings2012,
    title = {A Numerical Sensitivity Study of the Influence of Siberian Snow on the Northern Annular Mode},
    year = {2012},
    journal = {Journal of Climate},
    author = {Peings, Y. and Saint-Martin, D. and Douville, H.},
    doi = {10.1175/JCLI-D-11-00038.1},
    number = {2},
    month = {1},
    pages = {592--607},
    volume = {25},
    url = {http://journals.ametsoc.org/doi/abs/10.1175/JCLI-D-11-00038.1}
}

@article{Bell2010,
    title = {Stratospheric Communication of El Ni{\~{n}}o Teleconnections to European Winter},
    year = {2010},
    author = {Bell, C. J. and Gray, L. J. and Charlton-Perez, A. J. and Joshi, M. M. and Scaife, A. A.},
    month = {2},
    url = {http://journals.ametsoc.org.ezproxy.lib.monash.edu.au/doi/abs/10.1175/2009JCLI2717.1}
}

@article{Butler2015,
    title = {The Climate-system Historical Forecast Project: Do stratosphere-resolving models make better seasonal climate predictions in boreal winter?},
    year = {2015},
    author = {Butler, Amy H},
    pages = {3}
}

@article{Sardeshmukh1988,
    title = {The Generation of Global Rotational Flow by Steady Idealized Tropical Divergence},
    year = {1988},
    journal = {Journal of the Atmospheric Sciences},
    author = {Sardeshmukh, Prashant D. and Hoskins, Brian J.},
    doi = {10.1175/1520-0469(1988)045<1228:TGOGRF>2.0.CO;2},
    number = {7},
    month = {4},
    pages = {1228--1251},
    volume = {45},
    url = {http://journals.ametsoc.org.ezproxy.lib.monash.edu.au/doi/abs/10.1175/1520-0469(1988)045{\%}3C1228:TGOGRF{\%}3E2.0.CO{\%}3B2}
}

@article{Held1989,
    title = {Transients and the Extratropical Response to El Ni{\~{n}}o},
    year = {1989},
    journal = {Journal of the Atmospheric Sciences},
    author = {Held, Isaac M. and Lyons, Steven W. and Nigam, Sumant},
    doi = {10.1175/1520-0469(1989)046<0163:TATERT>2.0.CO;2},
    number = {1},
    month = {1},
    pages = {163--174},
    volume = {46},
    url = {http://journals.ametsoc.org.ezproxy.lib.monash.edu.au/doi/abs/10.1175/1520-0469(1989)046{\%}3C0163:TATERT{\%}3E2.0.CO;2}
}

@article{Manabe1964,
    title = {Thermal Equilibrium of the Atmosphere with a Convective Adjustment},
    year = {1964},
    journal = {Journal of the Atmospheric Sciences},
    author = {Manabe, Syukuro and Strickler, Robert F.},
    doi = {10.1175/1520-0469(1964)021<0361:TEOTAW>2.0.CO;2},
    number = {4},
    month = {7},
    pages = {361--385},
    volume = {21},
    url = {http://journals.ametsoc.org.ezproxy.lib.monash.edu.au/doi/abs/10.1175/1520-0469(1964)021{\%}3C0361:TEOTAW{\%}3E2.0.CO{\%}3B2}
}

@article{Manabe1965,
    title = {SIMULATED CLIMATOLOGY OF A GENERAL CIRCULATION MODEL WITH A HYDROLOGIC CYCLE 1},
    year = {1965},
    journal = {Monthly Weather Review},
    author = {Manabe, Syukuro and Smagorinsky, Joseph and Strickler, Robert F.},
    doi = {10.1175/1520-0493(1965)093<0769:SCOAGC>2.3.CO;2},
    number = {12},
    month = {12},
    pages = {769--798},
    volume = {93},
    url = {http://journals.ametsoc.org.ezproxy.lib.monash.edu.au/doi/abs/10.1175/1520-0493(1965)093{\%}3C0769:SCOAGC{\%}3E2.3.CO;2}
}

@article{Manabe1975,
    title = {The Effects of Doubling the CO 2 Concentration on the climate of a General Circulation Model},
    year = {1975},
    journal = {Journal of the Atmospheric Sciences},
    author = {Manabe, Syukuro and Wetherald, Richard T.},
    doi = {10.1175/1520-0469(1975)032<0003:TEODTC>2.0.CO;2},
    number = {1},
    month = {1},
    pages = {3--15},
    volume = {32},
    url = {http://journals.ametsoc.org.ezproxy.lib.monash.edu.au/doi/abs/10.1175/1520-0469{\%}281975{\%}29032{\%}3C0003{\%}3ATEODTC{\%}3E2.0.CO{\%}3B2}
}

@article{Augustsson1977,
    title = {A Radiative-Convective Model Study of the CO 2 Climate Problem},
    year = {1977},
    journal = {Journal of the Atmospheric Sciences},
    author = {Augustsson, T. and Ramanathan, V.},
    doi = {10.1175/1520-0469(1977)034<0448:ARCMSO>2.0.CO;2},
    number = {3},
    month = {3},
    pages = {448--451},
    volume = {34},
    url = {http://journals.ametsoc.org.ezproxy.lib.monash.edu.au/doi/abs/10.1175/1520-0469(1977)034{\%}3C0448:ARCMSO{\%}3E2.0.CO;2}
}

@article{Wetherald1975,
    title = {The Effects of Changing the Solar Constant on the Climate of a General Circulation Model},
    year = {1975},
    journal = {Journal of the Atmospheric Sciences},
    author = {Wetherald, Richard T. and Manabe, Syukuro},
    doi = {10.1175/1520-0469(1975)032<2044:TEOCTS>2.0.CO;2},
    number = {11},
    month = {11},
    pages = {2044--2059},
    volume = {32},
    url = {http://journals.ametsoc.org.ezproxy.lib.monash.edu.au/doi/abs/10.1175/1520-0469(1975)032{\%}3C2044:TEOCTS{\%}3E2.0.CO;2}
}

@article{Renno1997,
    title = {Multiple equilibria in radiative-convective atmospheres},
    year = {1997},
    journal = {Tellus A},
    author = {Renn{\'{o}}, Nilton O.},
    doi = {10.1034/j.1600-0870.1997.t01-3-00002.x},
    number = {4},
    month = {8},
    pages = {423--438},
    volume = {49},
    url = {http://tellusa.net/index.php/tellusa/article/view/14681}
}